2231 3425
167 168 233 217 94
641 167 821 208 URBIs
862 157 1076 207 ROMAE
1118 156 1254 205 vffli
1293 155 1622 205 1NLUsTREs

173 310 315 359 infra
337 309 585 372 iugulum.
660 310 847 358 Caesar
874 309 1063 358 Cascae
1091 308 1387 356 bracehium
1409 307 1681 368 adreptum
1708 307 1924 369 graphio
1948 307 2093 354 traie-

174 398 245 446 cit
270 403 589 460 conatusque
626 397 864 460 prosilire
896 396 997 444 alio
1032 395 1246 442 vulnere
1288 394 1524 442 tardatus
1563 400 1652 442 est.
1726 395 1861 442 Dein
1896 400 1956 442 ut
1992 396 2093 442 ani-

175 485 457 533 madvertit
480 485 711 547 undique
738 493 791 532 se
820 483 1017 532 strio-tis
1044 482 1354 545 pugionibus
1381 480 1525 544 peti‚¹
1549 487 1670 542 toga
1689 487 1844 544 eaput
1882 516 2012 554 March
2031 518 2092 562 15,

90 584 157 620 175
176 573 407 621 obvolvit
426 578 478 620 et
504 573 578 620 ita
603 572 767 620 tribus
789 577 840 619 et
860 571 1052 633 viginti
1078 570 1246 632 plagis
1268 569 1539 617 confossus
1561 575 1653 616 est.
1716 570 1844 617 Cum
1902 571 1990 610 B·G-
2009 572 2072 609 44.

176 662 410 708 Marcum
437 661 674 719 Bri-itum,
695 674 846 721 quem
873 659 978 705 filii
1004 658 1113 705 loeo
1139 657 1365 704 habebat
1390 656 1444 703 in
1472 665 1524 704 se
1550 656 1841 703 inruentem
1861 655 2093 715 vidisset,

177 748 371 796 dixisse
399 748 592 795 fertur:
635 753 661 775 ‘⁶
680 749 760 794 Tu
786 761 1003 808 quoque,
1033 753 1104 792 mi
1131 744 1215 791 fili
1234 747 1242 792 1
1262 746 1288 767 '⁹

287 2187 311 2209 n'‘

261 2159 270 2175 '9
296 2179 301 2182 -

269 2226 275 2235 ι

918 2528 1079 2554 DEATH
1107 2529 1164 2555 OF
1191 2528 1371 2555 CAESAR

251 2665 395 2712 Illud
442 2665 577 2712 inter
620 2673 796 2712 omnes
841 2665 950 2712 fere
993 2665 1228 2714 Constitit
1287 2666 1445 2713 talem
1486 2674 1533 2713 ei
1576 2672 1793 2713 mortem
1836 2682 1996 2728 paene
2039 2682 2101 2713 ex

186 2752 446 2800 sententia
482 2751 765 2814 obtigisse?
834 2754 970 2799 Nam
1003 2757 1054 2799 et
1085 2753 1345 2815 quondam
1379 2769 1494 2800 eum
1529 2754 1665 2814 apud
1702 2753 2100 2815 Xenophontem

101 2849 169 2884 180
185 2839 398 2900 legisset
440 2840 633 2902 Cyrum
663 2839 851 2887 ultima
885 2839 1181 2887 valetudine
1218 2840 1491 2888 mandasse
1530 2841 1781 2902 quaedam
1820 2841 1882 2887 de
1919 2840 2101 2888 funere

187 2933 293 2986 suo,
322 2931 628 2989 aspernatus
668 2930 775 2974 tam
815 2926 1015 2973 lentum
1050 2926 1232 2975 mortis
1270 2942 1430 2988 genus
1472 2926 1694 2974 subitam
1734 2926 1832 2975 sibi
1867 2926 2103 2974 celerem·

460 3115 475 3141 1
503 3115 738 3153 ‘assailed.’
1607 3115 1626 3142 2
1649 3116 1829 3164 obtinyb.
