2231 3425
601 119 990 171 ocTKVIXNUs
1032 131 1272 171 CAESAR
1314 131 1632 173 AUGUSTUS
1981 133 2077 182 107

223 275 456 323 Tandem
486 274 821 335 Octavianus,
847 273 1086 322 hostibus
1116 273 1272 322 victis
1308 273 1449 322 solus
1483 274 1702 337 imperio
1739 278 1952 338 potitus,
1981 275 2077 324 cle-

155 367 380 410 mentem
408 369 462 409 se
495 360 769 409 exhibuit,1
838 360 1028 410 Omnia
1064 360 1307 424 deinceps
1346 361 1402 408 in
1439 369 1497 409 eo
1534 362 1690 424 plena
1725 363 2076 411 mansuetudi-
2114 373 2162 411 9⁰

154 448 269 498 nis2
305 453 357 497 et
398 448 757 497 humanitatis.
832 448 1019 496 Multis
1063 447 1265 509 ignevit
1301 448 1385 496 vel
1421 448 1487 496 iis
1531 457 1622 511 qui
1659 465 1810 512 saepe
1850 450 2075 511 graviter

154 552 272 584 eum
315 536 652 583 offenderant.
726 537 987 583 Reversus
1027 535 1083 582 in
1120 526 1332 583 Ttaliam
1367 535 1699 599 triumphans
1740 537 1961 585 Romam
2002 537 2076 585 in-

154 639 360 685 gressus
387 628 478 671 est.
551 624 685 671 Tum
710 623 863 671 bellis
889 627 1001 671 teto
1028 623 1147 670 orbe
1178 622 1480 686 compositis
1517 623 1635 671 Iani
1669 623 1862 685 gemini
1898 629 2073 688 portas

154 718 248 759 sua
272 719 430 758 manu
455 710 659 771 clausit,
688 725 819 773 quae
845 709 924 758 bis
951 714 1158 758 tanturn
1183 714 1338 758 antea
1364 710 1569 758 clausae
1595 711 1821 773 fuerant,
1849 720 2074 774 primum

154 798 249 847 sub
285 799 462 846 Numa
499 805 634 860 rege,
672 798 861 845 iteruin
903 801 1022 860 post
1069 805 1297 860 primum
1343 797 1602 845 Punicum
1648 798 1856 846 bellum.
1930 801 2074 848 Tunc
2114 814 2159 849 95

153 893 330 933 omnes
356 885 753 948 praeteritorum
779 884 1033 933 malorum
1059 884 1254 934 oblivie
1283 885 1423 948 cepit
1453 886 1780 949 populusque
1808 887 2073 936 Romanus

152 972 441 1036 praesentis
469 972 564 1021 etii
590 972 795 1020 laetitia
825 972 1204 1035 perfruebatur.
1278 972 1566 1021 Octavian&
1602 973 1818 1021 maximi
1852 974 2072 1023 honores

152 1068 182 1108 a
207 1065 391 1108 senatu
415 1060 576 1108 delati
602 1064 735 1108 sunt.
810 1060 932 1123 Ipse
953 1060 1227 1121 Augustus
1249 1060 1643 1123 cegneminatus
1670 1066 1722 1109 et
1747 1061 1803 1108 in
1827 1061 2073 1110 honorem

152 1147 262 1196 eius
311 1147 505 1196 mensis
557 1147 800 1196 Sextilis3
847 1147 1027 1196 eodem
1074 1147 1284 1196 nemine
1333 1148 1629 1211 appellatus
1670 1153 1764 1210 est,
1805 1149 1944 1212 quod
1982 1149 2073 1198 illo

151 1243 327 1283 mense
357 1235 510 1283 bellis
548 1235 791 1283 civilibus
831 1235 961 1284 finis
997 1240 1134 1284 esset
1170 1235 1463 1299 impositus.
1550 1236 1724 1285 Patris
1761 1236 1961 1300 patriae
1999 1245 2075 1286 ce·
2090 1253 2160 1288 100

152 1330 375 1383 gnomen
409 1322 643 1370 universi
678 1322 907 1371 maxime
945 1331 1202 1372 censensu
1239 1324 1541 1372 detulerunt
1567 1332 1627 1372 ei.
1700 1324 2073 1373 Deferentibus

151 1410 428 1459 lacrimans
487 1410 758 1474 respondit
817 1410 1089 1472 Augustus
1150 1411 1234 1459 his
1290 1412 1491 1460 verbis:
1555 1412 1856 1475 “Compos'‘
1901 1413 2073 1461 factus

150 1503 389 1546 votorum
414 1506 661 1559 meorum,
688 1502 863 1562 patres
899 1503 1196 1562 conscripti,
1225 1498 1352 1562 quid
1385 1499 1551 1548 habee
1588 1500 1747 1561 aliud,
1775 1501 1915 1563 quod
1951 1501 2073 1549 dees

151 1585 471 1634 immortales
497 1601 690 1649 precer,
719 1602 873 1649 quam
898 1591 958 1634 ut
982 1586 1120 1634 hunc
1147 1595 1457 1636 consensum
1482 1592 1715 1636 vestrum
1741 1589 1807 1636 ad
1829 1587 2074 1636 ultimum

151 1677 290 1721 vitae
315 1673 482 1721 finem
507 1673 638 1720 mihi
663 1674 894 1736 perferre
918 1673 1074 1722 liceat
1092 1676 1101 1723 1
1120 1675 1149 1698 ⁷⁹
2091 1690 2161 1726 105

217 1760 547 1809 Dictaturam
571 1769 761 1823 inagna
784 1770 838 1809 vi
865 1762 1112 1810 offerente
1138 1762 1332 1826 popule
1358 1763 1664 1826 deprecatus
1695 1767 1789 1812 est.
1861 1763 2076 1812 Domini

151 1848 558 1913 appellatienem
586 1864 788 1913 semper
814 1849 1083 1898 exhorruit
1109 1865 1325 1913 eamque
1352 1850 1453 1899 sibi
1481 1851 1645 1900 tribui
1681 1851 1852 1900 edicte
1887 1851 2070 1900 vetuit.

151 1936 350 1985 Imino⁵
378 1937 440 1985 de
476 1936 802 1986 restituenda
839 1945 894 1985 re
918 1937 1130 2001 publica
1164 1946 1269 1987 non
1309 1938 1469 1987 semel
1506 1939 1771 2001 cogitavit,
1799 1940 1890 1988 sed
1931 1955 2076 2003 repu-

149 2029 268 2073 tans
315 2029 368 2073 et
415 2033 469 2073 se
510 2029 776 2088 privatum
817 2033 924 2074 nen
968 2025 1081 2074 sine
1123 2026 1354 2089 pericule
1396 2026 1524 2088 fore,
1565 2031 1616 2075 et
1658 2042 1766 2074 rem
1813 2027 2075 2090 publicam
2117 2014 2122 2017 ’

151 2112 381 2175 plurium
418 2112 634 2162 arbitrie
671 2111 1039 2162 commissum6
1074 2121 1154 2174 iri,
1193 2114 1706 2163 summam'rctinuit
1744 2119 2073 2178 potestatem,
2092 2131 2162 2167 110

152 2200 206 2247 id
247 2208 370 2248 Vero
414 2199 619 2248 studuit
665 2208 730 2248 ne
770 2216 922 2263 quem
958 2209 1083 2248 novi
1119 2205 1288 2250 status
1330 2201 1634 2265 paeniteret.
1710 2203 1851 2250 Bene
1899 2203 1960 2250 de
2008 2202 2074 2250 iis

151 2287 323 2348 etiam,
352 2295 480 2350 quos
507 2287 832 2336 adversaries
861 2293 1106 2351 expertus
1134 2293 1259 2349 erat,
1288 2293 1339 2337 et
1370 2289 1629 2338 sentiebat
1662 2294 1714 2338 et
1749 2290 2071 2353 loquebatur.

152 2375 433 2436 Legentem
477 2375 758 2438 aliquande
796 2384 958 2423 unum
1001 2384 1028 2423 e
1074 2376 1351 2440 nepetibus
1399 2376 1631 2440 invenit3
1681 2393 1900 2441 cumque
1948 2393 2076 2441 puer

151 2462 366 2511 territus
403 2462 648 2510 volumen
692 2463 972 2524 Cicerenis,
1017 2464 1157 2527 quod
1203 2473 1362 2513 manu
1403 2465 1630 2526 tenebat,
1673 2470 1818 2514 veste
1861 2470 2072 2527 tegeret,

152 2549 422 2610 Augustus
460 2550 653 2598 librum
690 2550 828 2614 cepit
865 2559 1026 2614 eoque
1065 2550 1246 2600 statim
1289 2552 1508 2614 reddite,
1552 2552 1702 2601 “Hic
1734 2552 1863 2614 vir,’'
1902 2553 2075 2616 inquit
2092 2568 2159 2604 115

154 2637 285 2684 “fili
319 2645 405 2698 mi,
433 2638 615 2686 doctus
652 2638 758 2686 fuit
794 2642 845 2686 et
880 2638 1081 2702 patriae
1119 2640 1347 2689 amans.”

211 2825 228 2853 1
249 2842 288 2857 =
305 2827 502 2865 ostendit.
554 2825 573 2853 2
600 2828 609 2846 ‘
626 2827 898 2874 gentleness)
948 2826 967 2854 3
993 2828 1089 2866 ‘the
1133 2833 1217 2871 had
1244 2834 1349 2870 been
1378 2835 1423 2869 to
1452 2842 1614 2876 avenae
1640 2831 1706 2868 his
1737 2829 1898 2868 uncle’s
1927 2829 2070 2868 death.

151 2883 514 2929 sixth,'counting
526 2884 637 2921 from
650 2885 925 2929 March,with
937 2885 1087 2929 which,
1133 2889 1151 2916 5
1178 2892 1186 2908 ‘
1202 2890 1325 2937 Nay)
1377 2889 1394 2916 6
1418 2886 1704 2926 commissum
1722 2888 1781 2924 iri
1803 2888 1835 2924 is
1855 2887 1935 2923 fut.
1954 2886 2072 2924 infin.

151 2940 185 2976 it
203 2940 239 2977 iS
257 2940 362 2983 said,
384 2941 455 2977 the
473 2941 635 2978 ROmass
656 2952 757 2987 year
777 2941 1004 2988 Originally
1022 2942 1091 2978 be·
1134 2958 1244 2994 pass.
1273 2947 1318 2983 of
1348 2947 1575 2990 committo]
1605 2945 1686 2981 and
1708 2960 1744 2973 =
1766 2946 1775 2961 ‘
1790 2954 1877 2980 was
1905 2954 2001 2980 sure
2027 2947 2072 2979 to

151 3008 249 3044 gan·
286 2996 303 3021 4
321 2995 504 3043 compos
525 3026 532 3033 -
552 3025 560 3034 ·
580 3025 588 3033 ·
607 2997 827 3034 meorum:
852 2998 982 3034 ‘Now
994 2999 1089 3034 that
1134 3005 1185 3042 be
1210 3004 1292 3049 (lit.
1315 3014 1400 3040 was
1427 3002 1556 3049 going
1581 3005 1625 3037 to
1651 3001 1721 3046 be)
1744 2999 1912 3036 handed
1939 2999 2070 3040 overe

152 3062 170 3099 Ι
188 3062 296 3098 have
315 3061 469 3110 gained
490 3073 564 3109 my
581 3063 740 3099 heart's
763 3062 931 3108 desi1·e‚’
950 3062 1090 3099 which
1133 3060 1201 3098 i.e.
1222 3060 1258 3097 if
1275 3060 1327 3098 he
1346 3057 1552 3104 resigned.
