2231 3425
155 188 219 235 82
630 185 809 225 URBIS
850 175 1063 224 ROMAE
1108 176 1238 224 Vini
1277 174 1605 226 INLUSTRES

71 342 120 378 40
159 331 288 377 Tam
326 329 491 377 libera
526 336 650 377 voce
690 327 978 374 delectatus
1021 325 1300 389 Pompeius
1341 325 1579 375 omnibus
1619 331 1670 375 et
1713 328 1931 379 Sthenio
1973 329 2077 394 ipsi

70 782 117 817 45

68 1221 117 1256 50

68 1658 114 1692 55

67 2099 114 2133 ΟΟ

160 415 429 480 pepercit.1

225 506 600 566 Transgressus
643 503 762 550 inde
803 502 857 549 in
892 493 1128 549 ssfricam
1169 501 1391 560 Iarbam,
1429 501 1710 549 Numidiae
1759 511 1947 564 regem,
1985 512 2075 566 qui

159 593 315 640 Marii
352 592 587 655 partibus
626 590 852 649 favebat,
891 589 1027 637 belle
1067 593 1366 651 persecutus
1404 587 1544 636 intra
1582 589 1691 637 dies
1729 589 2075 652 quadraginta

159 680 418 743 oppressit
466 683 519 727 et
560 668 797 725 Alfi-icam
848 676 1052 736 subegit
1099 674 1435 724 adulescens²
1493 680 1739 738 quattuor
1787 681 1839 724 et
1885 677 2075 738 viginti

158 775 422 815 annerum.
496 765 698 813 Deinde
724 780 840 811 cum
865 763 1072 810 litterae
1098 771 1147 810 ei
1172 770 1202 810 a
1228 762 1375 810 Sulla
1406 763 1638 810 redditae
1671 768 1860 825 essent,
1886 763 2073 826 quibus

158 853 420 902 exercitu³
449 853 663 900 dimisse
693 867 809 899 cum
845 858 951 898 una
980 849 1183 911 legiene
1219 858 1565 898 successerem
1602 855 1903 912 exspectare
1938 850 2075 899 iube-

158 942 323 1002 batur,
363 940 658 1003 Pompeius,
699 953 1013 1001 quamquam
1053 945 1204 998 aegre
1242 937 1298 988 id
1335 935 1551 998 ferebat,
1591 948 1767 985 tamen
1808 939 1982 1000 paruit
2023 943 2074 987 et

157 1030 377 1078 Reinam
425 1027 655 1076 revertit.
750 1027 1058 1073 Revertenti
1107 1024 1428 1073 incredibilis
1476 1024 1745 1072 hominum
1792 1025 2074 1075 multitude

157 1117 362 1165 obviam
398 1116 524 1177 ivit3
565 1114 712 1163 Sulla
748 1128 951 1176 quoque
987 1112 1156 1160 laetus
1196 1127 1313 1159 eum
1352 1112 1556 1174 excepit
1592 1121 1645 1160 et
1683 1113 1864 1173 Magni
1896 1120 2076 1174 cegne-

157 1204 295 1251 mine
336 1201 697 1251 consalutavit.
770 1200 955 1248 Nihile
997 1199 1170 1247 minus
1209 1199 1459 1261 Pompeio
1501 1199 1825 1262 triumphum
1872 1204 2075 1263 petenti

157 1292 380 1341 restitit:
430 1305 597 1353 neque
633 1296 755 1337 vere
792 1296 852 1336 ea
887 1296 941 1335 re
981 1295 1011 1335 a
1048 1286 1316 1351 preposite
1356 1287 1638 1335 deterritus
1678 1291 1757 1334 est
1795 1287 2074 1350 Pompeius

157 1377 444 1442 aususque4
480 1378 649 1425 dicere
685 1376 863 1440 plures
901 1376 1114 1423 adorare
1153 1375 1314 1423 selein
1356 1374 1609 1422 orientem
1651 1390 1806 1437 quam
1849 1374 2075 1422 occiden-

157 1473 287 1515 tem:
328 1474 429 1529 que
456 1465 595 1513 dicte
624 1464 875 1511 innuebat
906 1463 1082 1511 Sullae
1112 1462 1404 1525 potentiam
1440 1461 1620 1521 minui,
1650 1477 1795 1509 suam
1832 1470 2071 1510 crescere.

156 1557 234 1603 Ea
270 1563 392 1602 voce
429 1554 610 1602 audita
648 1552 806 1612 Sulla,
846 1550 1169 1598 confidentia
1206 1549 1555 1597 adulescentis
1592 1547 1897 1612 perculsus‚⁵
1924 1548 2076 1596 “Tri-

156 1643 398 1706 umphet!
437 1640 727 1703 triumphet
747 1641 755 1687 1
778 1639 806 1663 ⁷⁹
834 1637 1158 1686 exclamavit.

223 1727 471 1778 Metelle⁶
494 1728 596 1775 iam
624 1725 765 1775 seni⁷
790 1730 842 1774 et
870 1725 1065 1773 bellum
1099 1724 1154 1772 in
1188 1725 1450 1788 Hispania
1480 1725 1690 1786 segnius
1729 1730 1928 1786 gerenti
1962 1741 2076 1773 con-

156 1819 273 1880 lega
296 1819 448 1865 datus
473 1815 754 1878 Pompeius
781 1814 1029 1862 adversus
1065 1812 1352 1860 Sertorium
1380 1812 1526 1861 varie
1563 1817 1753 1860 eventu
1790 1812 2069 1860 dimicavit.

156 1906 443 1953 Maximum
469 1903 542 1951 ibi
567 1903 621 1950 in
646 1902 844 1965 proelie
869 1901 1093 1964 quedam
1118 1900 1408 1963 periculum
1439 1899 1626 1948 subiit:
1667 1916 1783 1947 cum
1820 1900 1958 1947 enim
1993 1900 2074 1948 vir

157 1998 304 2041 vasta
342 1991 569 2054 corporis
606 1988 969 2050 magnitudine
1006 1988 1258 2051 impetum
1297 1987 1353 2034 in
1389 2003 1506 2035 eum
1542 1987 1767 2048 fecisset,
1793 1987 2073 2050 Pompeius

155 2097 365 2129 manum
391 2077 709 2141 amputavit-3
750 2076 840 2125 sed
870 2074 1082 2123 multis8
1113 2075 1169 2122 in
1205 2091 1321 2122 eum
1355 2075 1778 2123 concurrentibus
1804 2075 1992 2123 vulnus
2018 2074 2074 2122 in

155 2170 351 2216 femore
377 2165 576 2229 accepit
606 2169 657 2212 et
687 2172 717 2212 a
748 2172 854 2212 suis
886 2163 1211 2224 fugientibus
1250 2163 1486 2211 desertus
1524 2160 1611 2209 in⁹
1644 2162 1873 2210 hostium
1909 2166 2076 2225 potes-

155 2261 262 2304 tate
288 2259 410 2303 erat.
478 2254 552 2300 At
576 2257 781 2316 praeter
808 2267 951 2314 spem
971 2250 1163 2298 evasit:
1204 2250 1411 2298 barbari
1437 2250 1574 2297 enim
1599 2265 1789 2312 equum
1816 2249 1924 2298 eius
1950 2257 2074 2297 aure

155 2343 488 2408 phalerisque
526 2339 730 2388 eximiis
769 2342 1082 2386 instructum
1120 2341 1378 2400 ceperant.
1452 2337 1591 2384 Dum
1628 2336 1788 2398 igitur
1829 2337 2072 2399 praedam

122 2450 125 2453 ⁴
155 2432 292 2479 inter
323 2438 376 2478 se
409 2429 719 2476 altercantes
736 2424 770 2451 1⁰
793 2425 1107 2489 partiuntur,
1134 2424 1414 2487 Pompeius
1446 2432 1622 2472 eerum
1655 2432 1838 2471 manus
1873 2423 2069 2484 effugit.

155 2519 337 2566 Altere
364 2515 560 2580 proelis)
589 2530 704 2561 cum
734 2513 981 2560 Metellus
1015 2512 1263 2575 Pompeie
1294 2511 1555 2559 laboranti
1592 2511 1788 2559 auxilio
1824 2510 2069 2571 venisset,

158 2604 414 2654 Sertorius
441 2602 676 2650 recedere
703 2605 910 2649 coactus
946 2599 1142 2648 dixisse
1173 2599 1365 2646 fertur:
1408 2597 1572 2646 “Nisi
1610 2614 1738 2646 anus
1776 2597 1869 2645 illa
1904 2612 2073 2660 super-

220 2801 236 2829 1
247 2802 389 2849 parce.
428 2799 445 2826 2
461 2799 624 2845 ‘(being
636 2797 755 2840 then)
774 2809 792 2834 a
806 2809 949 2846 young
960 2797 1089 2834 man.’
1135 2798 1207 2834 the
1226 2796 1309 2834 abl.
1327 2797 1416 2834 abs.
1437 2796 1535 2833 here
1554 2795 1729 2832 denotes
1746 2794 1849 2831 both
1867 2793 1970 2831 time
1987 2792 2071 2831 and

156 2859 221 2896 Cf.
238 2870 277 2905 p.
297 2860 358 2902 44,
378 2869 418 2893 n.
438 2858 496 2893 12.
548 2855 565 2881 3
592 2853 795 2892 exerciti
812 2852 994 2891 dim185'6
1016 2882 1024 2890 .
1049 2881 1056 2889 .
1081 2881 1088 2890 .
1135 2864 1282 2899 cause3
1312 2864 1379 2890 see
1398 2865 1438 2899 p.
1458 2852 1579 2896 xxiii,
1600 2851 1641 2887 K
1663 2853 1699 2888 6.
1752 2850 1840 2887 'she
1865 2849 2003 2897 prefix
2027 2849 2072 2886 in

156 2916 419 2961 exspectare
436 2929 473 2943 =
489 2912 720 2950 eaeercz’tum
734 2911 943 2948 dimittere
957 2914 996 2947 et
1018 2938 1025 2945 .
1049 2938 1057 2946 .
1082 2938 1089 2946 .
1135 2907 1506 2947 concurrentibus
1549 2917 1734 2954 conveys
1777 2907 1848 2944 the
1890 2905 1986 2943 idea
2027 2906 2073 2942 of

156 2971 405 3018 exspectare.
457 2968 475 2994 4
492 2969 556 3006 Cf.
573 2980 613 3015 p.
632 2969 690 3011 13,
707 2979 747 3004 n.
765 2968 822 3004 12.
871 2965 1089 3013 5percell6.
1136 2966 1268 3003 ‘from
1304 2976 1434 3012 every
1464 2964 1583 3001 side)
1651 2962 1669 2989 ⁹
1686 2961 1734 2999 in
1754 2991 1762 2999 .
1790 2990 1797 2999 .
1822 2990 1829 2998 .
1849 2962 1949 2999 erat
1963 2977 2000 2991 =
2016 2960 2069 2997 ab

156 3027 174 3055 ⁶
191 3027 374 3071 Quintus
397 3025 605 3063 Caecilius
632 3024 842 3066 Metellus,
867 3023 1091 3070 proconsul
1133 3022 1324 3059 hostibus
1337 3024 1488 3066 captus
1499 3024 1574 3057 est.
1596 3018 1629 3045 1⁰
1644 3017 1919 3055 altercantes
1933 3014 2073 3063 parti-

158 3085 201 3120 in
221 3083 349 3131 Spain
363 3083 580 3119 79-7613.c.
633 3079 648 3105 ⁷
676 3079 791 3116 seni:
823 3080 831 3096 ‘
847 3080 1023 3115 because
1039 3080 1090 3116 he
1133 3079 1295 3114 untur:
1325 3077 1403 3120 lit„
1423 3075 1685 3122 ‘wrangling
1704 3075 1805 3120 they
1819 3072 1989 3110 divided
2005 3072 2013 3088 '
2031 3087 2067 3101 =

158 3150 244 3178 was
256 3137 356 3176 old!
396 3138 411 3163 8
429 3136 586 3176 multis
605 3164 611 3172 .
636 3163 643 3174 .
668 3164 675 3173 .
697 3133 1087 3174 concurrentibus:
1138 3134 1145 3150 ⁶
1162 3134 1264 3183 they
1280 3132 1500 3181 wrangled
1519 3132 1650 3169 about
1669 3131 1741 3168 the
1759 3128 1971 3167 division)
