2231 3425
567 167 958 224 oorKVIKNUs
998 183 1239 226 CAESAR
1279 185 1596 229 AUGUSTUS
1947 186 2036 238 111

124 326 336 376 auxiliis
383 325 621 375 omnibus
670 334 844 374 caesis.
940 327 1057 375 Hac
1108 327 1351 376 nuntiata
1403 330 1678 379 excubias¹
1725 347 1817 395 per
1864 334 2041 381 urbem

123 413 328 475 indixit,
356 421 420 461 ne
446 413 562 476 quis
587 413 846 462 tumultus
874 413 1166 475 exsisteret,
1195 420 1246 462 et
1271 423 1484 477 magnes
1515 418 1664 467 ludos
1697 420 1812 467 Iovi
1846 421 2042 483 optimo
2059 432 2129 468 205

123 501 348 550 maxime
373 501 534 561 vevit,
563 508 607 549 si
632 509 712 549 res
738 501 949 563 publica
972 501 1027 548 in
1052 502 1320 550 meliorem
1347 508 1538 552 statum
1566 506 1823 555 vertisset.
1897 509 2043 557 Adee

123 588 379 651 denique2
419 592 808 637 censternatum
849 589 1042 650 ferunt,
1080 595 1153 650 ut,
1193 606 1284 653 per
1327 592 1597 641 continues
1642 603 1843 643 menses
1886 597 2044 644 barba

122 676 415 739 capilloque
463 675 756 736 submisso,3
796 681 952 739 caput
1000 676 1257 724 interdum
1311 678 1510 727 foribus
1561 680 1819 742 inlideret,
1858 683 2045 731 vocife-

122 771 269 811 rans:
328 763 595 820 “Quintili
631 764 782 824 Vare,
809 763 1038 825 legienes
1076 765 1310 813 redde!”
1356 766 1594 830 diemque
1633 769 1794 818 cladis
1834 776 2047 833 quotan-

122 858 202 899 nis
239 855 494 899 maestum
530 850 773 899 habuerit
809 859 867 898 ac
905 851 1189 912 lugubrem.
2062 872 2133 907 210

189 938 422 986 Tandem
442 937 651 986 adflicta
670 938 969 986 valetudine
987 939 1042 986 in
1062 940 1402 1003 Campaniam
1424 944 1691 1004 concessit,
1709 945 1813 1005 ubi,
1834 946 2047 994 remisse

122 1026 188 1074 ad
213 1025 375 1074 etium
397 1025 582 1086 anime,
603 1025 748 1074 nullo
774 1026 1062 1075 hilaritatis
1090 1043 1273 1088 genere
1300 1029 1566 1078 abstinuit.
1632 1032 1881 1094 Supreme
1908 1039 2047 1081 vitae

122 1113 205 1161 die
241 1117 409 1176 petite
447 1112 688 1176 speculo4
722 1114 972 1176 capillum
1010 1114 1110 1163 sibi
1147 1123 1280 1164 cemi
1316 1116 1469 1165 iussit
1512 1124 1564 1165 et
1606 1127 1797 1167 amicos
1841 1121 2050 1168 circum—

123 1204 323 1249 stantes
360 1205 709 1264 percontatus,
737 1201 925 1264 ecquid
950 1201 1016 1250 iis
1043 1202 1310 1250 videretur
1335 1212 1552 1252 mimum
1568 1205 1585 1231 ⁵
1609 1211 1748 1254 vitae
1784 1209 2048 1256 commode

121 1288 453 1351 transegisse,
498 1288 688 1337 adiecit
736 1289 945 1337 solitam
987 1289 1330 1339 clausulamssz
1384 1283 1582 1341 “Edite
1627 1294 1902 1357 strepitum
1940 1304 2051 1344 vos·
2067 1307 2136 1342 215

123 1391 221 1439 que
269 1384 445 1425 omnes
493 1392 611 1424 cum
658 1376 846 1438 gaudie
894 1377 1248 1440 applaudite.⁷’
1335 1378 1479 1429 Obiit
1524 1380 1693 1429 Nolae
1743 1386 1948 1430 sextum
1998 1388 2050 1431 et

123 1463 564 1526 septuagesimum
601 1479 795 1512 annum
833 1472 1005 1526 agens.

187 1653 202 1679 1
229 1652 441 1692 excubias
476 1682 484 1691 .
522 1683 529 1690 .
567 1683 574 1691 .
605 1652 792 1692 indixit:
858 1655 1061 1693 ‘ordered
1106 1657 1493 1705 generallybronze
1506 1670 1554 1695 or
1567 1658 1735 1706 silver).
1779 1660 2047 1709 5‘comedy.'

123 1712 309 1748 watches
336 1716 380 1748 to
407 1712 457 1748 be
489 1712 583 1748 set.'
636 1711 653 1736 2
680 1712 809 1749 Often
841 1713 944 1749 used
974 1713 1062 1750 like
1108 1714 1124 1738 6
1145 1715 1443 1751 ‘conclusi011.’
1501 1716 1627 1753 Latin
1671 1717 1793 1765 plays
1833 1719 2049 1766 regularly

122 1779 200 1804 our
236 1769 245 1785 ‘
260 1772 306 1804 to
347 1773 419 1805 cut
453 1779 478 1804 a
512 1768 613 1816 long
652 1773 772 1816 story
806 1769 954 1813 short,’
994 1770 1003 1786 ‘
1018 1770 1061 1805 in
1106 1770 1216 1807 close
1237 1772 1340 1807 with
1360 1783 1413 1808 an
1434 1773 1583 1819 appeal
1604 1774 1649 1809 of
1668 1774 1738 1811 the
1758 1780 1898 1811 actors
1914 1780 1957 1811 to
1977 1777 2048 1812 the

123 1825 271 1861 short)
323 1823 340 1851 3
357 1823 503 1862 barba
517 1852 526 1861 .
552 1853 559 1861 .
585 1853 591 1861 .
614 1823 859 1862 submissb':
884 1826 1064 1874 ‘letting
1108 1832 1345 1873 spectator-s
1364 1833 1407 1864 to
1427 1834 1554 1875 grant
1575 1830 1691 1867 them
1712 1832 1720 1847 ‘
1736 1831 1834 1867 loud
1851 1832 1934 1868 and
1956 1843 2050 1878 pro-

122 1881 188 1918 his
207 1881 337 1919 beard
355 1881 499 1929 grow.'
554 1880 571 1906 4
599 1882 797 1918 ‘mirror'
825 1882 888 1929 (of
916 1883 1063 1927 metal,
1107 1883 1261 1931 longed
1280 1885 1512 1933 applause.’
