2231 3425
777 182 973 247 olims*
997 196 1201 246 namus
1240 204 1481 245 CAESAR
2022 205 2086 253 87

166 350 480 417 quartanae¹
504 350 681 398 morbo
719 349 1001 409 laborabat,
1028 346 1219 410 prope2
1250 362 1341 409 per
1379 345 1610 406 singulas
1646 350 1822 394 noctes
1859 345 2081 395 latebras

166 445 481 488 commutare
511 439 816 499 cogebatur3
855 441 907 483 et
943 434 1343 497 comprehensus
1381 441 1411 481 a
1449 433 1621 481 Sullae
1659 432 1860 493 liberto,
1887 433 1983 479 ne3
2018 434 2083 480 ad

169 528 366 576 Sullam
408 526 788 589 perduceretur,
826 523 917 571 vix
959 522 1113 570 data4
1158 521 1377 584 pecunia
1423 520 1602 568 evasit.
1675 521 1945 568 Postremo
1992 537 2082 583 per

165 615 482 678 propinquos
530 618 582 660 et
630 612 834 660 adfines
884 618 1002 659 suos
1049 609 1257 657 veniam
1305 607 1619 670 impetravit.
1695 607 1831 655 Satis
1880 613 2082 655 constat

168 702 382 757 Sullam,
431 717 546 748 cum
603 697 1033 762 deprecantibus5
1084 696 1413 744 amicissimis
1462 700 1514 742 et
1561 694 1908 743 ornatissimis
1958 695 2081 743 viris

166 788 488 852 aliquamdiu
524 789 829 848 denegasset
866 791 1020 848 atque
1050 785 1132 831 illi
1157 783 1494 846 pertinaciter
1520 783 1905 842 contenderent,
1933 792 2084 845 expu-

167 882 380 939 gnatum
413 876 622 924 tandem
660 875 1022 937 proclamasse,
1054 869 1359 931 vincerent,6
1391 871 1669 918 dummodo
1700 870 1925 932 scirent,⁷
1951 886 2081 929 euin,

167 981 318 1028 quem
366 963 678 1011 incolumem
723 966 871 1009 tanto
919 976 1072 1023 opere
1120 963 1381 1022 cuperent,
1426 958 1706 1020 aliquando
1755 958 2083 1020 optimatium

166 1052 416 1116 partibus,
455 1059 582 1113 quas
621 1058 794 1099 secum
832 1049 985 1097 simul
1030 1047 1404 1107 defendissent,
1443 1045 1604 1093 exitio
1647 1046 1910 1106 futorum,
1965 1061 2084 1092 nam

168 1140 378 1189 Caesari
413 1139 605 1186 multos
642 1137 838 1185 Marios
877 1136 1057 1183 inesse.

237 1226 509 1290 Stipendia
533 1233 702 1288 prima
731 1224 786 1271 in
816 1223 940 1272 Asia
970 1223 1110 1270 feeit.
1186 1222 1251 1269 In
1288 1221 1672 1285 expngnatione
1709 1221 2086 1284 Mitylenarum

168 1322 356 1363 corona
401 1314 567 1362 civica
615 1313 835 1360 donatus
885 1316 976 1359 est.
1073 1312 1282 1358 Mortuo
1345 1309 1503 1369 Sulla,
1554 1309 1798 1356 Rhodum
1852 1309 2086 1357 secedere

169 1402 370 1463 statuit,
396 1406 455 1449 ut
491 1417 582 1464 per
619 1400 782 1448 otium
817 1398 1097 1462 Apollonio
1130 1398 1344 1458 Moloni,
1371 1402 1496 1445 tunc
1521 1397 1810 1445 clarissimo
1853 1395 2090 1444 dicendi⁸

169 1490 432 1553 magistro,
460 1504 666 1552 operam
693 1489 851 1535 daret.
925 1488 1045 1534 Huc
1083 1487 1204 1534 dum
1241 1485 1430 1545 traicit,
1459 1493 1488 1532 a
1523 1484 1868 1547 praedonibus
1907 1489 2088 1547 captus

169 1583 248 1627 est
272 1577 567 1640 mansitque
588 1576 727 1639 apud
752 1583 836 1623 eos
864 1591 1021 1638 prope
1049 1573 1394 1637 quadraginta
1420 1572 1543 1620 dies.
1616 1573 1717 1620 Per
1743 1588 1891 1619 omne
1917 1576 2089 1620 autem

169 1666 303 1713 illud
329 1665 556 1729 spatium
577 1664 652 1712 ita
672 1672 724 1712 se
745 1663 920 1724 gessit,
942 1667 1001 1710 ut
1026 1667 1212 1725 piratis
1239 1661 1434 1724 pariter
1459 1665 1645 1708 terrori
1664 1660 2089 1723 venerationique

171 1758 319 1802 esset.
383 1752 611 1802 Comites
632 1751 843 1798 interim
866 1758 1142 1813 servosque
1164 1750 1228 1797 ad
1251 1748 1600 1812 expediendas
1620 1748 1881 1810 pecunias,
1904 1747 2089 1810 quibus
2158 1764 2174 1772 ·

170 1841 525 1898 redimeretur,
555 1839 767 1888 dimisit.
842 1838 1048 1899 Viginti
1076 1837 1276 1885 talenta
1308 1840 1507 1899 piratae
1545 1836 1961 1898 postulaverant:
2001 1835 2091 1882 ille

171 1929 552 1992 quinquaginta
599 1928 845 1975 datorum
895 1934 948 1975 se
998 1925 1291 1988 spopondit.
1387 1924 1583 1980 Quibus
1636 1928 1922 1972 numeratis
1976 1939 2090 1971 cum

172 2016 440 2080 expositus
467 2019 604 2064 esset
629 2016 684 2062 in
709 2015 877 2075 litore,
905 2013 1182 2062 confestim
1216 2012 1475 2072 Miletum,
1504 2026 1634 2074 quae
1670 2012 1792 2059 urbs
1829 2010 2094 2074 proxime⁹

173 2105 364 2165 aberat,
390 2103 692 2167 properavit
717 2102 894 2165 ibique
920 2105 1186 2149 contracta
1215 2100 1378 2148 classe
1409 2100 1645 2147 invectus
1675 2099 1731 2146 in
1761 2114 1877 2146 eum
1905 2099 2089 2159 locum,

172 2192 228 2239 in
247 2200 348 2255 quo
367 2191 471 2254 ipsi
494 2191 780 2254 praedones
809 2194 970 2250 erant,
992 2194 1191 2252 partem
1220 2187 1401 2235 classis
1427 2186 1647 2248 fugavit,
1669 2191 1871 2249 partem
1896 2186 2090 2246 mersit,

173 2279 373 2342 aliquot
418 2286 578 2326 naves
620 2277 760 2340 cepit
802 2281 1101 2340 piratasque
1149 2275 1205 2323 in
1252 2278 1563 2338 potestatem
1607 2274 1842 2322 redactos
1885 2282 1944 2322 eo
1981 2290 2095 2336 sup-

173 2366 346 2430 plicio,
374 2366 513 2429 quod
536 2365 643 2413 illis
670 2380 822 2428 saepe
848 2364 1077 2412 minatus
1102 2363 1239 2411 inter
1263 2362 1433 2410 iocum
1467 2366 1592 2422 erat,
1621 2361 1816 2409 adfecit
1853 2370 2092 2424 crucique

175 2453 391 2503 suffixit.

239 2650 256 2678 1
281 2653 534 2700 quartanae
574 2651 648 2698 (sc.
668 2648 828 2697 febris)
855 2679 862 2686 .
885 2679 893 2687 .
913 2679 920 2687 .
937 2649 1115 2688 labora·
1158 2648 1290 2696 sar)';
1318 2649 1400 2695 lit„
1422 2649 1540 2686 ‘who
1560 2649 1714 2696 sought
1731 2652 1775 2685 to
1793 2649 1873 2696 beg
1895 2648 1983 2685 him
2003 2648 2092 2685 off.’

175 2706 276 2746 bat:
308 2709 383 2745 ‘he
410 2719 498 2745 was
529 2707 737 2755 suffering
763 2708 874 2744 from
905 2707 1115 2744 intermit-
1159 2707 1176 2732 6
1203 2707 1284 2743 For
1316 2707 1386 2743 the
1417 2706 1703 2752 subjunctive.
1732 2716 1800 2742 see
1830 2717 1869 2752 p.
1895 2706 1955 2750 63,
1983 2716 2024 2741 n.
2056 2706 2092 2741 5.

176 2768 269 2802 tent
311 2765 460 2802 fever.'
512 2763 667 2801 morbo
701 2765 736 2801 is
771 2764 855 2801 abl.
889 2764 935 2800 of
974 2775 1112 2801 cause.
1161 2763 1278 2801 Sulla
1309 2763 1422 2800 said:
1466 2764 1642 2805 Vincite,
1671 2762 1897 2798 dnmmodo
1932 2762 2093 2805 sevitia

176 2820 195 2846 2
218 2829 358 2867 prope
392 2849 400 2857 .
437 2849 444 2856 .
481 2849 488 2856 .
520 2821 696 2858 noctes:
759 2821 939 2857 ‘almost
987 2832 1115 2867 every
1160 2825 1239 2857 etc.
1297 2820 1520 2856 Translate
1563 2817 1870 2865 pre->clamasse
1899 2846 1907 2854 .
1940 2846 1947 2854 .
1979 2845 1987 2854 .
2017 2817 2097 2854 sci-

177 2877 331 2924 night)
378 2876 395 2902 3
421 2877 476 2915 Πδ
499 2905 505 2912 .
528 2905 535 2913 .
556 2905 564 2913 .
583 2875 751 2914 evasit:
784 2877 859 2914 ‘he
878 2877 1039 2924 barely,
1060 2878 1117 2923 by
1159 2877 1262 2913 rent
1289 2877 1408 2913 thus:
1441 2876 1449 2892 ‘
1467 2876 1580 2912 cried
1617 2880 1689 2911 ont
1728 2875 1923 2921 (hidding
1956 2873 2091 2920 them)

177 2934 328 2981 giving
364 2945 530 2981 money,
569 2933 747 2979 escaped
785 2933 912 2977 being
950 2945 1117 2970 surren—
1160 2934 1269 2970 have
1299 2933 1411 2969 their
1436 2944 1546 2979 way,
1575 2933 1651 2968 bnt
1678 2936 1722 2968 at
1750 2933 1820 2968 the
1848 2942 1962 2968 same
1985 2931 2096 2968 -time

178 2990 305 3028 dered
337 2994 381 3026 to
413 2990 561 3027 Sulla!
630 2990 685 3027 ne
705 3018 713 3026 .
735 3018 742 3025 .
767 3017 774 3025 .
795 2988 1117 3035 perduceretur
1167 2990 1249 3033 (lit.
1278 2989 1484 3035 provided
1516 2988 1636 3035 they)
1667 2993 1710 3024 to
1743 2987 1924 3025 realize!
1980 2986 1995 3013 ⁷
2023 2987 2097 3025 See

179 3057 398 3092 expresses
415 3047 487 3083 the
506 3056 685 3092 purpose
704 3046 749 3082 of
775 3044 885 3083 data
909 3044 1114 3092 pem-mia.
1163 3044 1260 3088 513,
1280 3047 1319 3082 Ι;
1349 3047 1440 3082 314:
1469 3050 1554 3082 573.
1608 3045 1622 3070 8
1651 3045 1878 3091 ‘oratory.’
1931 3043 1948 3070 9
1966 3054 2096 3090 prope

179 3100 198 3128 4
222 3102 288 3140 Of.
308 3114 348 3149 p.
368 3103 488 3147 xxiii,
505 3103 546 3138 K
563 3104 599 3138 ὅ.
651 3101 668 3128 5
691 3119 727 3132 =
747 3113 772 3139 a
789 3103 862 3139 rel.
879 3103 1021 3140 clause
1043 3102 1115 3149 (cf.
1163 3102 1303 3139 abesse
1323 3118 1359 3132 =
1381 3103 1448 3138 ‘to
1474 3102 1525 3139 be
1552 3111 1654 3139 near
1675 3101 1760 3150 by‚’
1790 3101 1826 3139 is
1853 3111 1879 3138 a
1905 3110 2097 3139 common

180 3169 222 3207 p.
241 3159 356 3205 xxiv,
378 3159 413 3195 L
435 3157 501 3206 1):
546 3158 675 3211 ‘who‘
694 3158 872 3207 pleaded
907 3159 992 3207 (for
1017 3158 1118 3197 Cae·
1162 3158 1307 3196 idiom.

2124 447 2170 481 10

2126 886 2170 921 15

2128 1321 2175 1356 20

2133 2200 2180 2235 30
