2231 3425
116 683 162 718 30

112 2003 158 2037 43

200 177 264 224 32
668 174 850 215 URBIS
891 164 1105 214 ROMAE
1147 164 1281 212 VIRi
1321 160 1656 213 INLUSTRES

204 320 302 368 Cui
326 318 607 381 imperator
635 319 850 365 “Macte
867 315 882 342 ¹
905 316 1148 377 virtute,²'
1181 315 1355 378 inquit
1386 315 1547 363 “Tite
1583 315 1766 377 Manli,
1794 321 1929 365 esto:
1969 333 2124 381 perge

203 411 254 454 et
278 414 466 454 nomen
490 407 784 454 Romanum
809 404 1062 451 invictum
1088 403 1344 466 praesta.''

269 494 491 542 Armant
516 493 702 540 deinde
729 492 969 539 iuvenem
994 491 1233 553 aequales
1256 510 1264 538 :
1316 495 1520 539 scutum
1550 490 1704 553 capit,
1731 491 2000 555 Hispano2
2024 492 2125 540 cin-

202 581 369 643 gitur3
410 581 598 643 gladio,
638 580 703 627 ad
744 577 1066 642 propiorem4
1101 586 1328 640 pugnam
1369 577 1547 625 habili.

1620 579 1971 641 Exspectabat
2007 595 2123 628 eum

269 1806 462 1834 GLADIUS

579 667 762 716 Gallus
802 666 988 714 stolide
1024 665 1191 713 laetus
1230 669 1282 712 et
1317 665 1549 726 linguam
1586 665 1650 713 ab
1674 665 1841 714 inrisu
1866 675 2120 716 exserens.

585 755 685 804 Ubi
722 752 1033 802 constitere⁵
1068 752 1204 800 inter
1241 753 1369 800 duas
1406 752 1556 812 acies,
1584 753 1766 802 Gallus
1798 758 2123 802 ensem'cum

579 843 778 903 ingenti
804 840 978 889 sonitu
1002 840 1059 887 in
1083 855 1226 888 arma
1250 839 1439 888 Manlii
1472 840 1672 888 deiecit.
1746 841 1977 890 Manlius
2002 849 2124 890 vero

579 930 714 977 inter
752 944 935 991 corpus
974 932 1025 975 et
1062 943 1205 975 arma
1238 927 1379 976 Galli
1404 935 1515 976 sese
1541 927 1811 976 insinuans
1845 927 1980 976 uno⁶
2003 929 2126 977 alte·

578 1026 736 1080 roque
773 1022 881 1064 ictu
905 1020 1140 1063 ventrem
1178 1015 1464 1063 transfodit
1501 1020 1552 1063 et
1588 1015 1644 1062 in
1680 1016 1907 1078 spatium
1940 1016 2124 1079 ingens

579 1109 812 1153 ruentem
837 1103 1069 1167 porrexit
1094 1103 1326 1163 hostem3
1367 1102 1589 1150 iacenti⁷
1618 1108 1854 1166 torquem
1880 1104 2122 1165 detraxit,

579 1208 731 1255 quem
768 1200 946 1240 cruore
993 1189 1322 1253 respersum8
1368 1189 1535 1238 collo⁹
1584 1190 1924 1239 circumdedit
1943 1189 1975 1217 1⁰
2017 1200 2121 1240 suo.

579 1280 852 1327 Defixerat
889 1295 1048 1342 pavor
1065 1277 1098 1303 n
1132 1294 1246 1326 cum
1280 1278 1623 1326 admiratione
1650 1278 1856 1340 Gallos3
1900 1279 2125 1327 Romani

578 1368 772 1416 alacres
793 1367 997 1414 obviam
1016 1365 1177 1413 militi
1197 1373 1288 1414 suo
1310 1365 1712 1428 progrediuntur
1732 1370 1783 1414 et
1803 1366 2124 1428 gratulantes

578 1455 954 1517 laudantesque
1002 1454 1070 1501 ad
1111 1453 1476 1516 imperatorem
1518 1453 1821 1516 perducunt.
1893 1453 2124 1504 Manlius

578 1542 700 1589 inde
725 1544 977 1604 Torquati
1002 1549 1286 1603 cognomen
1311 1540 1523 1603 accepit.

644 1621 792 1678 idem
828 1628 1074 1689 Manlius,
1109 1633 1289 1691 postea
1325 1628 1505 1676 consul
1540 1628 1712 1677 factus
1749 1628 1885 1677 bello
1920 1629 2123 1692 Latino,

577 1723 636 1765 ut
661 1717 989 1780 disciplinam
1017 1716 1297 1764 militarem
1323 1715 1636 1776 restitueret⁷
1665 1716 1830 1764 edixit
1855 1725 1919 1764 ne
1936 1716 1969 1743 ¹2
2005 1717 2121 1780 quis

578 1810 725 1853 extra
745 1804 978 1852 ordinem
994 1803 1050 1851 in
1068 1803 1245 1852 hostes
1263 1808 1531 1866 pugnaret.
1605 1806 1661 1851 T.
1681 1803 1964 1865 Manlius,13

2035 1839 2122 1879 ΒΑ).

201 1894 427 1942 consulis
474 1894 637 1953 filius,
687 1908 802 1939 cum
849 1891 1062 1955 propius
1104 1892 1240 1939 forte
1287 1891 1354 1939 ad
1401 1891 1678 1940 stationem
1730 1891 1960 1940 hostium
2033 1896 2121 1934 340.

202 1981 517 2041 accessisset,
552 1981 612 2041 is,
648 1987 738 2042 qui
771 1980 960 2027 Latino
991 1978 1251 2042 equitatui
1284 1984 1534 2042 praeerat,
1562 1979 1650 2027 ubi
1687 1979 1913 2028 consulis
1949 1979 2124 2027 filium

201 2067 465 2130 agnovit‚1⁴
491 2069 694 2116 “Visne
711 2067 739 2090 ’²
774 2066 946 2129 inquit
981 2066 1270 2129 “congredi
1310 2074 1524 2127 mecum,
1554 2071 1613 2114 ut
1649 2066 1927 2129 singularis
1970 2071 2125 2114 certast

201 2156 356 2204 minis
400 2160 590 2203 eventu
627 2158 881 2215 cernatur,
932 2158 1185 2217 quantum
1233 2169 1389 2217 eques
1437 2154 1655 2202 Latinus
1703 2155 1939 2203 Romano
1984 2169 2125 2217 prae-

203 2247 304 2291 stet
321 2245 345 2290 5>
365 2244 392 2267 ⁷⁷
464 2243 634 2291 Movit
670 2242 893 2290 ferocem
931 2241 1162 2289 animum
1195 2240 1398 2290 iuvenis
1419 2257 1510 2290 seu
1534 2249 1611 2289 ira
1637 2256 1727 2289 scu
1752 2241 2076 2289 detrectandi
2092 2240 2126 2268 ¹⁵

267 2433 283 2460 1
300 2435 446 2471 macte
460 2432 632 2470 virtiite
651 2462 658 2469 .
675 2462 682 2470 .
701 2461 707 2469 .
726 2431 844 2470 esto:
865 2433 946 2477 lit„
965 2433 1039 2470 ‘be
1054 2432 1141 2479 glo-

203 2490 325 2528 rified
345 2491 387 2527 in
413 2490 594 2537 (respect
621 2490 683 2535 of)
715 2501 823 2536 your
850 2489 1000 2525 valor)
1054 2490 1140 2526 The

203 2548 354 2593 phrase
373 2547 408 2583 is
427 2546 471 2582 in
491 2549 587 2591 part
606 2556 661 2581 an
688 2545 933 2591 expression
960 2544 1005 2581 of
1031 2555 1141 2581 com-

203 2601 463 2646 mendation,
483 2601 571 2636 like
589 2611 666 2636 our
686 2601 694 2617 ⁴
710 2600 863 2636 bravo!
883 2600 891 2616 '
920 2600 965 2636 in
991 2603 1089 2645 part
1115 2610 1140 2636 a

202 2669 368 2705 prayer,
389 2657 476 2693 like
497 2657 505 2673 ‘
521 2668 686 2693 success
705 2656 852 2693 attend
872 2656 987 2693 thee!
1009 2656 1017 2672 '
1070 2654 1087 2680 2
1104 2656 1141 2692 A

203 2714 400 2761 straight,
440 2713 676 2759 two-eilged
719 2713 873 2757 sword,
909 2716 984 2748 not
1025 2723 1140 2749 more

202 2772 306 2807 than
336 2775 420 2807 two
452 2770 540 2807 feet
566 2770 680 2816 long,
701 2770 803 2806 used
831 2769 899 2805 for
925 2769 1142 2815 thrusting

203 2828 350 2864 rather
389 2827 495 2864 than
529 2826 597 2862 for
631 2826 830 2872 striking.
883 2826 969 2862 The
1005 2825 1141 2863 Gallie

203 2883 340 2921 sword
381 2893 471 2920 was
512 2882 613 2929 long
656 2882 739 2918 and
782 2882 964 2918 without
1006 2882 1138 2928 point.

202 2940 427 2986 8=cinqit
461 2940 517 2984 se,
554 2939 622 2975 i.e.
662 2938 800 2984 ‘girds
834 2938 1030 2980 himself,'
1066 2942 1142 2973 not

206 2998 265 3034 ‘is
308 2995 485 3042 girded.’
554 2993 803 3037 4‘11earer‚’
838 2994 905 3030 i.e.
949 2994 1063 3030 hand
1098 2998 1142 3029 to

203 3052 331 3089 hand.
380 3051 397 3078 5
424 3051 618 3089 consisffi.
668 3051 796 3086 What
816 3049 964 3086 tenso?
1014 3049 1031 3075 6
1054 3048 1141 3086 finf)

204 3107 438 3155 altareque
455 3107 568 3145 icti-1:
601 3107 728 3144 ‘with
750 3116 828 3142 one
854 3106 1001 3142 stroke
1028 3106 1141 3143 after

1184 2433 1256 2469 the
1276 2433 1398 2469 other
1413 2433 1445 2478 ';
1475 2433 1543 2470 i.e.
1564 2433 1616 2470 he
1642 2432 1773 2470 killed
1802 2433 1889 2469 him
1907 2433 2013 2470 with
2038 2436 2124 2470 two

1185 2489 1312 2535 quick
1331 2489 1475 2525 blows.
1530 2488 1545 2514 ⁷
1563 2489 1628 2526 Sc.
1645 2491 1697 2534 ei,
1714 2489 1797 2526 and
1818 2489 1969 2526 render
1990 2489 2123 2526 ‘from

1184 2546 1270 2581 him
1298 2556 1345 2582 as
1371 2546 1423 2582 he
1449 2545 1524 2592 lay
1555 2544 1736 2592 (dead).’
1790 2545 1865 2582 See
1882 2557 1922 2592 p.
1944 2547 2003 2590 17,
2023 2556 2064 2582 n.
2084 2547 2121 2581 4.

1186 2601 1201 2627 8
1218 2603 1421 2648 resperffl.
1473 2601 1491 2627 9
1508 2602 1637 2638 What
1654 2612 1750 2638 case
1762 2602 1781 2638 s?
1832 2601 1865 2627 1⁰
1883 2602 1931 2638 In
1945 2601 2001 2639 its
2015 2612 2124 2638 com-

1185 2658 1362 2703 pounds,
1378 2659 1478 2694 clare
1494 2669 1609 2694 more
1625 2659 1740 2695 often
1760 2674 1796 2687 =
1818 2659 1826 2676 ‘
1843 2662 1886 2693 to
1901 2662 1977 2704 put
1993 2659 2002 2675 '
2018 2659 2121 2695 than

1187 2716 1254 2750 ‘to
1284 2714 1410 2760 give!
1465 2713 1497 2739 11
1523 2723 1666 2760 pavor
1695 2723 1794 2750 cum
1826 2712 2123 2751 admiratffine

1187 2780 1371 2816 :pavor
1397 2774 1435 2807 et
1463 2771 1720 2818 admircigcfi:
1754 2771 1808 2807 cf.
1838 2771 1998 2806 mentes
2026 2780 2122 2806 cum

1183 2827 1326 2869 oculis,
1358 2827 1412 2871 II,
1447 2828 1503 2863 12.
1568 2826 1674 2864 1211&
1707 2825 1808 2873 quis
1838 2854 1845 2862 .
1879 2854 1886 2862 .
1918 2853 1926 2861 .
1955 2825 2124 2873 pfignfz-

1184 2884 1277 2918 ret:
1320 2882 1328 2898 ⁴
1348 2883 1441 2918 that
1475 2893 1528 2917 no
1563 2892 1641 2917 one
1672 2881 1822 2917 should
1855 2880 1987 2927 sight?
2041 2880 2123 2916 For

1186 2940 1256 2974 the
1288 2938 1573 2985 subjunctive,
1594 2949 1662 2974 see
1692 2949 1732 2984 p.
1752 2939 1789 2983 9,
1810 2949 1850 2973 11.
1870 2939 1908 2974 6.
1960 2936 1995 2963 13
2021 2936 2124 2974 Sub-

1185 2995 1271 3042 ]'ect
1306 2995 1351 3030 of
1388 2992 1663 3031 accessisset.
1713 2994 1796 3030 For
1830 2993 1886 3030 its
1922 2993 2120 3040 position,

1185 3061 1252 3087 see
1279 3062 1318 3095 p.
1348 3051 1407 3095 19,
1436 3061 1476 3085 11.
1505 3052 1540 3086 7.
1593 3048 1628 3075 14
1655 3049 1845 3092 59226305.
1898 3048 1934 3074 15
1956 3048 2123 3086 detrec·

1185 3105 1315 3143 tandi
1334 3132 1342 3140 .
1366 3133 1374 3141 .
1396 3132 1404 3141 .
1422 3103 1592 3151 pudort
1622 3105 1712 3141 ‘his
1739 3104 2060 3151 unwillingness
2076 3107 2121 3142 to
