2231 3425
640 183 900 242 QUiNTUs
942 189 1162 229 FABIUS
1203 178 1491 228 Maximus
1963 189 2026 236 45

95 354 262 401 neque
301 353 417 384 cum
457 343 517 383 eo
556 334 982 395 congrederetur3
1021 330 1239 391 castris,l
1282 329 1417 378 nisi²
1453 334 1705 392 quantum
1742 330 2022 379 necessitas

95 422 332 486 cogeret?
389 422 538 470 miles
596 421 880 469 tenebatur.
978 420 1098 465 Dux
1160 434 1325 480 neque
1387 416 1673 464 occasieni3
1731 416 1837 464 rei⁴
1893 418 2022 465 bene

96 511 347 573 gerendae
384 510 575 569 deerat,
604 516 649 556 si
674 523 776 571 qua
801 508 863 555 ab
896 507 1044 554 hoste
1082 506 1306 564 daretur,
1334 519 1500 566 neque
1539 503 1699 550 ullam
1737 504 1848 566 ipse
1883 505 2022 553 hosti

96 599 263 647 dabat.
360 598 545 659 Itaque
605 611 721 643 cum
780 611 844 641 ex
902 593 1104 641 levibus
1160 592 1371 655 proeliis
1428 591 1661 654 superior
1718 591 2020 652 discederet,

96 683 348 733 militem⁵
407 683 578 731 minus
638 682 742 730 iam
803 681 972 744 coepit
1030 684 1121 728 aut
1178 679 1390 726 virtutis
1453 694 1574 726 suae
1634 683 1723 726 aut
1781 679 2021 726 fortunae

97 772 371 835 paenitere.

162 860 264 907 His
291 858 489 907 artibus
524 874 640 905 cum
671 855 1022 904 Hannibalern
1056 854 1249 902 Fabius
1288 854 1342 900 in
1379 862 1501 915 agre
1538 853 1758 902 Falerne
1794 854 2022 902 locorum

96 946 351 1008 angustiis
377 945 665 1005 clausisset,
686 944 776 991 ille
798 943 908 992 sine
928 943 1036 990 ullo
1057 942 1313 990 exercitus
1335 942 1646 990 detrimente
1668 950 1720 990 se
1742 942 2020 1004 expedivit.

95 1035 336 1096 Namque
373 1032 519 1081 arida
556 1036 816 1080 sarmenta
852 1031 907 1079 in
943 1031 1097 1079 boum
1135 1030 1375 1078 cornibus
1430 1028 1689 1090 deligata⁶
1740 1028 2024 1092 principio⁷

96 1121 262 1170 noctis
289 1121 498 1168 incendi
526 1121 786 1182 bovesque
826 1119 892 1167 ad
926 1123 1145 1179 montes,
1174 1126 1303 1181 quos
1340 1119 1564 1165 Romani
1600 1118 1912 1178 insederant,
1941 1125 2024 1178 agi

96 1208 264 1257 iussit.
338 1209 438 1265 Qui
485 1223 602 1255 cuni
647 1215 873 1255 accensis
917 1206 1158 1254 cornibus
1201 1222 1293 1269 per
1334 1210 1550 1266 montes,
1594 1221 1685 1268 per
1724 1205 1881 1253 silvas
1924 1205 2025 1252 huc
2066 1219 2107 1251 ξ’.-

97 1297 222 1344 illuc
271 1296 633 1356 discurrerent,
681 1296 907 1343 Romani
949 1295 1199 1343 miraculo
1239 1294 1451 1341 attoniti
1492 1293 1862 1354 constiterunt3
1913 1293 2023 1356 ipse

97 1384 305 1445 Fabius,
333 1384 551 1432 insidias
589 1399 701 1432 esse
738 1382 918 1444 ratus,8
958 1383 1181 1430 militem
1219 1387 1365 1429 extra
1402 1381 1592 1428 vallum
1634 1381 1809 1442 egredi
1840 1380 2020 1428 vetuit.

99 1474 307 1520 Interea
331 1472 599 1520 Hannibal
626 1487 689 1519 ex
715 1471 970 1533 angustiis
998 1470 1176 1519 evasit.

166 1559 301 1607 Dein
330 1559 613 1621 Hannibal,
639 1565 698 1608 ut
734 1560 896 1607 Fabio
933 1559 1071 1621 apud
1109 1566 1226 1606 suos
1265 1557 1511 1605 cenfiaret
1548 1556 1816 1617 invidiam,
1845 1572 2023 1618 agrum

99 1653 224 1714 eius,
252 1652 488 1700 omnibus
525 1650 660 1697 circa
684 1652 918 1707 vastatis,
947 1647 1200 1694 intactum
1230 1644 1456 1707 reliquit.
1532 1644 1605 1692 At
1632 1644 1840 1705 Fabius,
1866 1644 2025 1692 misse

98 1742 318 1790 Remam
344 1740 536 1797 Quinto
563 1736 696 1797 filie,
726 1735 1034 1782 inviolatum
1062 1734 1125 1781 ab
1150 1733 1298 1781 hoste
1333 1748 1512 1793 agrum
1538 1732 1777 1779 vendidit
1814 1731 2026 1794 eiusque

99 1829 266 1892 pretie
291 1832 524 1891 captives
549 1826 812 1874 Remanes
839 1822 1070 1870 redemit.

166 1917 325 1964 Haud
352 1920 498 1977 grata
525 1918 700 1962 tamen
728 1912 980 1959 Romanis
1018 1914 1128 1957 erat
1163 1908 1314 1957 Fabii
1350 1907 1638 1956 cunctatio:
1678 1924 1897 1970 eumque
1933 1915 2027 1971 pre

98 2009 250 2052 caute
296 2003 555 2063 timidum,
605 2009 716 2065 pror
749 2002 1045 2047 cunctatore
1097 1996 1335 2058 segnem9
1380 1996 1692 2043 vocitabant.
1787 1996 2027 2056 Augebat

98 2092 352 2139 invidiam
388 2090 668 2150 Minucius,
708 2088 956 2150 magister
972 2085 1005 2111 ¹0
1041 2085 1290 2147 equitum,
1330 2084 1634 2131 dictaterein
1678 2083 2024 2131 criminande:

99 2179 250 2227 illum
298 2179 353 2226 in
400 2178 635 2226 ducende
682 2176 819 2225 bello
870 2174 1050 2223 sedulo
1092 2178 1297 2235 tempus
1340 2170 1557 2231 terere,ll
1596 2179 1697 2233 quo
1735 2171 1930 2219 diutius
1972 2171 2028 2218 in

100 2267 410 2328 magistratu
451 2270 587 2314 esset
630 2264 874 2326 solusque
922 2267 974 2310 et
1020 2262 1216 2309 Remae
1266 2264 1316 2307 et
1364 2259 1419 2306 in
1470 2259 1700 2306 exercitu
1751 2259 2026 2321 imperium

99 2354 326 2402 haberet.
414 2354 515 2401 His
565 2351 887 2400 sermonibus
938 2357 1153 2397 accensa
1198 2347 1344 2410 plebs
1388 2346 1629 2394 dictatori
1648 2345 1680 2372 ¹2
1720 2347 2025 2408 magistrum

165 2552 180 2578 1
199 2553 545 2600 apparently=in
565 2555 728 2595 castr-{23
747 2554 820 2588 but
840 2551 974 2598 really
987 2562 1042 2589 an
1087 2561 1128 2586 n.
1164 2551 1220 2587 17.
1287 2548 1304 2574 5
1322 2546 1512 2585 militem
1536 2576 1542 2582 .
1568 2575 1574 2582 .
1600 2575 1607 2582 .
1628 2543 1883 2592 paenitere:
1931 2545 2025 2580 ‘the

101 2609 185 2646 abl.
206 2610 251 2646 of
269 2621 428 2647 means.
482 2609 499 2634 2
515 2608 631 2646 nisi.
654 2638 661 2646 .
686 2638 693 2646 .
715 2609 913 2656 cegeret:
948 2609 1043 2645 ‘ex-
1086 2606 1263 2643 soldiers
1298 2606 1436 2651 began
1467 2609 1510 2641 to
1541 2605 1592 2640 be
1623 2603 1706 2639 Iess
1733 2600 2025 2638 discontented

101 2670 196 2712 cept
215 2677 260 2703 as
277 2667 345 2703 far
359 2677 405 2703 as
420 2667 631 2710 necessity
648 2667 788 2703 forced
809 2666 985 2711 (Fabius
998 2669 1041 2701 to
1087 2663 1190 2699 with
1215 2663 1300 2707 (i.e.
1324 2667 1367 2698 to
1386 2663 1436 2699 be
1457 2672 1572 2698 more
1592 2658 1806 2697 confident
1825 2656 1923 2703 of),’
1944 2661 2022 2694 etc.

102 2722 196 2760 lead
214 2723 330 2760 them
350 2722 520 2767 forth).'
574 2721 754 2770 c6geret
773 2723 808 2759 is
828 2734 881 2759 an
901 2733 1042 2758 exam·
1088 2720 1170 2755 For
1214 2720 1285 2755 the
1329 2718 1634 2759 construction,
1668 2727 1734 2752 see
1766 2727 1803 2761 p.
1829 2715 1889 2758 28,
1918 2725 1959 2750 n,
1988 2715 2022 2750 7.

102 2780 168 2825 ple
186 2779 231 2815 of
258 2780 329 2816 the
347 2780 547 2816 iterative
573 2780 856 2826 subjunctive,
878 2779 979 2815 used
998 2782 1042 2814 to
1063 2766 1065 2823 ζ
1087 2776 1103 2801 6
1129 2774 1329 2823 deligata
1351 2803 1358 2811 .
1384 2804 1390 2810 .
1415 2804 1422 2810 .
1443 2772 1622 2811 incendi
1640 2789 1675 2802 z
1696 2771 1875 2817 deli-(sciri
1895 2774 1935 2806 ec
1965 2771 2026 2806 ἰη-

102 2838 254 2875 denote
274 2838 344 2874 the
364 2838 561 2885 frequent
581 2837 807 2883 repetition
824 2836 868 2872 of
887 2847 940 2872 an
957 2839 1039 2871 act.
1064 2825 1065 2874 ξ
1089 2834 1223 2869 cendi.
1279 2831 1292 2857 7
1318 2832 1429 2879 W⁷hy
1450 2832 1532 2868 abl.
1548 2832 1567 2866 2‘
1620 2833 1634 2855 ⁵
1661 2841 1766 2865 reor.
1819 2827 1835 2852 9
1861 2827 2026 2864 Render

103 2895 142 2930 It
156 2894 373 2941 generally
388 2905 533 2931 occurs
552 2894 595 2929 in
614 2893 778 2929 clauses
797 2892 1043 2937 containing
1086 2889 1143 2935 by
1161 2900 1186 2925 a
1205 2900 1339 2924 noun:
1372 2889 1380 2905 ‘
1396 2887 1626 2934 sluggard.’
1693 2885 1726 2910 10
1754 2885 1829 2922 See
1851 2884 2023 2927 Vocab„

103 2961 127 2986 a
146 2954 241 2996 past
260 2954 392 2994 tense,
413 2951 495 2986 and
515 2950 549 2987 is
570 2960 760 2986 common
782 2949 821 2984 in
847 2949 966 2994 Livy,
989 2959 1041 2983 011
1064 2924 1065 2976 l
1087 2947 1304 2990 maqister.
1386 2944 1420 2970 11
1447 2945 1627 2980 indirect
1678 2943 1906 2985 discomse,
1959 2940 2027 2976 de-

105 3008 242 3043 whom
268 3007 354 3044 this
373 3011 492 3053 story
511 3007 545 3043 is
565 3006 708 3043 based.
761 3005 777 3031 3
803 3013 945 3052 neque
966 3031 974 3041 .
1001 3033 1008 3039 .
1033 3033 1040 3039 .
1087 3002 1270 3048 pendent
1291 3013 1343 3036 on
1363 3002 1434 3037 the
1455 3002 1555 3038 verb
1568 3001 1612 3036 of
1631 2999 1782 3046 saying
1800 2997 2025 3045 suggested

104 3061 280 3100 deerat:
313 3064 490 3099 ‘missod
512 3074 565 3099 no
585 3064 742 3099 chance
761 3062 806 3097 of
833 3062 1000 3106 seoring
1018 3071 1041 3097 a
1086 3061 1144 3106 by
1162 3057 1449 3096 criminandc‘).
1501 3056 1535 3082 12
1559 3057 1743 3093 Indirect
1763 3055 1902 3102 object
1924 3054 2026 3090 with

104 3120 298 3158 success.'
352 3120 367 3144 4
385 3120 451 3156 rei
462 3118 574 3156 bene
589 3117 830 3166 gerendae:
856 3118 911 3154 cf.
927 3130 965 3165 p.
979 3119 1040 3160 40,
1064 3144 1066 3148 ,
1088 3113 1315 3164 aequavit,
1337 3114 1474 3152 which
1491 3129 1527 3143 =
1545 3124 1729 3160 aequam
1739 3112 1863 3157 fecit.

2064 333 2109 368 25

2067 1664 2114 1698 40

2067 2102 2113 2136 45
