2231 3425
680 194 919 235 GNAEUS
958 183 1263 234 POMPEIUS
1304 182 1557 233 MXGNUS
2015 195 2079 242 85

156 339 304 403 peius
347 338 498 399 enim,
538 336 705 401 quod¹
749 342 902 385 antea
938 336 1225 397 contigerat
1262 335 1474 395 nemini,
1515 343 1740 397 primum
1776 351 1839 383 ex
1876 326 2073 396 Africa,
2093 352 2162 388 120

158 427 347 475 iterum
394 441 457 473 ex
503 427 727 488 Europa,
765 424 922 472 tertio
970 439 1033 471 ex
1074 422 1204 471 Asia
1250 422 1609 485 triumphavit,
1654 422 1785 469 felix
1832 423 2074 486 opinione

156 513 423 562 hominum
443 513 670 572 futurus,
693 519 751 572 si,
770 527 923 574 quem
939 509 956 536 2
980 510 1189 572 gloriae,
1211 510 1430 557 eundem
1457 515 1595 557 vitae
1615 509 1780 556 finem
1804 510 2074 559 habuisset

155 616 321 663 neque
347 601 617 648 adversam
643 599 909 647 fortunam
935 602 1071 646 esset
1097 602 1340 659 expertus
1367 597 1469 644 iam
1497 611 1668 644 senex.

223 687 515 736 Posteriore
554 686 692 734 enim
735 691 964 748 tempore
1007 690 1120 733 orta
1160 684 1298 732 inter
1336 684 1641 746 Pompeium
1682 688 1734 732 et
1773 685 2075 733 Caesarem3

154 809 242 849 3¹0·
323 783 468 835 gravi
493 773 831 834 dissensione,
867 772 1036 836 quod⁴
1070 772 1186 820 hic⁵
1223 771 1553 834 superiorem,
1581 772 1701 819 ille⁵
1726 787 1900 834 parem
1937 773 2072 819 ferre
2092 790 2159 825 125

154 866 218 904 49.
322 870 426 910 non
452 866 641 924 posset,
668 861 864 909 bellum
891 861 1044 908 civile
1079 859 1288 908 exarsit.
1364 859 1553 908 Caesar
1590 859 1816 908 infesto6
1844 860 2074 907 exercitu

155 949 210 996 in
244 939 457 997 Ttaliam
494 948 652 996 venit.
708 947 1004 1010 Pompeius,
1044 947 1226 995 relicta
1263 947 1388 994 urbe
1426 954 1483 994 ac
1521 945 1707 994 deinde
1744 937 1905 994 italia
1945 945 2076 1008 ipsa,

156 1037 480 1085 Thessaliam
523 1036 657 1099 petit
699 1040 752 1083 et
789 1050 906 1083 cum
943 1042 1002 1082 66
1039 1034 1277 1083 6611511165
1322 1038 1634 1096 senatusque
1676 1033 1869 1081 omnis:
1922 1048 2073 1095 quem

155 1128 420 1173 insecutus
457 1124 645 1173 Caesar
681 1123 821 1186 apud
856 1122 1167 1170 Pharsalum
1205 1121 1313 1169 acie
1349 1121 1502 1168 fudit.
1575 1121 1759 1169 Victus
1796 1120 2073 1183 Pompeius

156 1212 222 1260 ad
257 1212 629 1272 Ptolemaeum,
668 1211 899 1274 Aegypti
937 1217 1125 1271 regem,
1164 1217 1247 1257 6111
1283 1214 1423 1256 tutor
1460 1216 1490 1256 a
1527 1213 1711 1256 senatu
1753 1209 1904 1255 datus
1949 1214 2073 1268 erat,
2092 1226 2163 1264 130

145 1290 404 1362 profugit,
432 1307 522 1361 qui
545 1298 853 1361 Pompeium
887 1296 1113 1344 interfici
1143 1296 1310 1345 iussit.
1384 1297 1545 1344 Latus
1581 1297 1801 1358 Pompei
1837 1296 1930 1343 sub
1967 1311 2078 1342 ocu-

155 1387 221 1436 lis
245 1386 422 1435 uxoris
449 1391 501 1434 et
530 1387 810 1434 liberorum
845 1393 1087 1433 mucrone
1125 1384 1422 1432 confossum
1460 1389 1553 1445 est,
1581 1388 1737 1446 caput
1772 1391 2074 1446 praecisum,

155 1480 371 1523 truncus
409 1475 463 1521 in
499 1475 682 1521 Nilum
719 1474 995 1522 coniectus.
1070 1472 1271 1520 Deinde
1312 1476 1466 1534 caput
1505 1488 1620 1519 cuni
1659 1471 1816 1519 anulo
1857 1472 1923 1519 ad
1959 1472 2077 1520 Cae-

157 1578 322 1612 sarem
369 1562 598 1610 delatum
650 1567 743 1622 est,
788 1569 879 1624 qui
920 1569 980 1609 66
1028 1568 1140 1609 viso
1187 1559 1426 1608 lacrimas
1474 1567 1578 1607 non
1626 1559 1896 1607 continens
1944 1559 2078 1606 illud

157 1650 336 1698 multis
362 1649 859 1713 pretiosissimisque
887 1648 1128 1696 odoribus
1156 1648 1487 1695 cremandum
1513 1646 1727 1694 curavit.

224 1738 279 1786 Is
305 1738 408 1786 fuit
433 1739 653 1800 Pompei
678 1741 796 1800 post
821 1741 927 1784 1165
955 1735 1255 1784 consulatus
1283 1740 1333 1783 et
1367 1735 1586 1782 totidem
1620 1734 1913 1797 triumphos
1940 1739 2077 1781 vitae

413 1826 580 1873 Erant
622 1825 677 1872 in
718 1824 968 1887 Pompeio
1011 1823 1207 1871 multae
1245 1828 1296 1870 et
1333 1830 1549 1884 magnae
1586 1822 1808 1870 virtutes
1845 1830 1903 1870 ac
1939 1837 2079 1885 prae-

2094 1665 2164 1699 135

158 1826 342 1874 exitus.

158 1913 308 1977 cipue
356 1913 659 1961 admiranda
704 1912 996 1973 frugalitas.
1088 1912 1217 1960 Cum
1277 1918 1326 1958 61
1384 1915 1676 1971 aegrotanti
1732 1910 2079 1972 praecepisset

158 2001 404 2061 medicus,
441 2006 500 2048 ut
540 2001 751 2049 turdum
796 2000 986 2060 ederet,
1030 2003 1279 2060 negarent
1328 1997 1532 2046 6111161117
1582 2006 1719 2046 servi
1772 2013 1884 2045 eam
1932 2013 2078 2046 avem

160 2096 378 2151 usquam
408 2093 608 2136 aestivo
640 2092 871 2150 tempore
908 2102 1058 2150 posse
1098 2093 1328 2148 reperiri,
1356 2085 1459 2133 nisi
1495 2085 1634 2148 apud
1669 2084 1962 2146 Lucullum,
1990 2092 2080 2147 qui
2098 2101 2166 2135 140

158 2176 338 2224 turdos
365 2175 504 2223 domi
529 2180 804 2237 saginaret,
831 2174 1001 2223 vetuit
1026 2173 1306 2236 Pompeius
1332 2173 1545 2220 turdum
1571 2172 1693 2220 inde
1719 2177 1842 2235 peti,
1863 2172 2080 2220 medico-

160 2278 259 2326 que
285 2263 445 2311 dixit:
488 2267 516 2291 ‘⁶
531 2261 706 2324 Ergo,⁸
729 2261 832 2311 11151
859 2261 1108 2309 Lucullus
1140 2260 1376 2324 perditus
1411 2260 1612 2308 deliciis
1641 2264 1791 2320 esset,
1817 2268 1922 2308 11611
1946 2267 2081 2307 vive-

159 2355 239 2399 ret
274 2350 644 2414 Pompeius?”
715 2349 892 2399 Aliam
929 2365 1092 2411 avem,
1132 2364 1263 2412 quae
1300 2347 1551 2410 parabilis
1595 2352 1746 2408 esset,
1785 2347 1885 2396 sibi
1927 2347 2080 2395 iussit

159 2446 363 2501 apponi

225 2635 240 2660 1
267 2636 531 2683 ‘something
549 2635 733 2681 which’3
761 2635 817 2672 its
845 2634 1096 2672 antecedent
1142 2634 1173 2678 I,
1195 2634 1278 2671 and
1306 2635 1340 2678 1,
1363 2635 1404 2670 1:
1434 2633 1517 2677 248,
1542 2644 1582 2677 α,
1604 2633 1686 2670 and
1714 2642 1777 2669 N.:
1807 2637 1892 2676 392,
1922 2633 2005 2669 and
2033 2642 2076 2668 R.

159 2692 195 2729 is
214 2693 285 2729 the
312 2692 452 2729 clause
479 2691 676 2738 primum
699 2720 705 2728 .
730 2721 737 2728 .
763 2689 1097 2738 .triumphavit
1142 2693 1175 2726 1.
1230 2690 1244 2716 7
1272 2692 1427 2727 autem
1461 2694 1674 2726 contrasts
1716 2690 1938 2736 negarent
1976 2689 2079 2724 with

159 2749 303 2785 below.
353 2748 370 2774 2
388 2749 504 2785 With
523 2757 656 2795 quem
676 2747 862 2796 g16riae,
880 2760 936 2785 sc.
947 2749 1096 2793 finem

159 2805 325 2842 habuit.
376 2804 394 2830 3
419 2806 507 2842 The
526 2806 693 2842 famous
708 2805 752 2841 C.
769 2805 910 2841 Julius
925 2805 1092 2848 Caesar,

160 2862 227 2898 for
260 2862 399 2898 whom
435 2873 503 2899 see
537 2866 637 2898 next
669 2861 884 2898 selection.
936 2861 953 2886 4
979 2859 1097 2908 quod

163 2945 171 2953 .
195 2945 204 2955 .
228 2946 235 2954 .
256 2919 428 2964 posset:
462 2919 663 2955 ‘because
689 2918 755 2964 (as
774 2929 869 2954 men
890 2917 1001 2962 said)
1025 2919 1096 2954 the

160 2975 267 3019 one,’
298 2979 377 3011 etc.
430 2975 512 3010 For
541 2975 614 3011 the
645 2974 928 3021 subJ’unctive,
961 2985 1028 3011 see
1055 2986 1094 3020 p.

160 3031 248 3076 xxi,
264 3031 354 3067 H4.
407 3030 424 3056 5
447 3030 518 3067 hic
539 3059 546 3067 .
569 3059 576 3066 .
601 3059 608 3066 .
628 3029 728 3068 ille:
765 3031 773 3047 ‘
789 3031 860 3067 the
880 3042 958 3067 one
979 3031 1098 3075 (Cae-

160 3086 248 3134 sar)
276 3115 283 3123 .
308 3116 314 3123 .
339 3115 346 3123 .
368 3088 439 3124 the
455 3088 576 3124 other
594 3085 847 3133 (Pompey).'
901 3086 918 3112 6
933 3085 1097 3123 infesto

161 3141 382 3182 exercitt-1:
413 3143 497 3181 abl.
514 3144 559 3180 of
577 3142 964 3190 accompaniment:
993 3140 1095 3188 419,

1140 2745 1460 2793 pranEpisset.
1513 2747 1648 2783 There
1676 2746 1711 2782 15
1730 2756 1754 2781 61
1776 2750 1967 2782 contrast
1989 2746 2078 2781 also

1141 2805 1330 2840 between
1375 2802 1498 2840 servi
1537 2803 1619 2839 and
1654 2800 1866 2839 medicus.
1920 2802 1935 2826 8
1961 2800 2077 2849 Ετςό

1144 2887 1152 2895 .
1177 2888 1184 2895 .
1208 2888 1216 2896 .
1237 2857 1500 2905 Pompeius?
1551 2859 1637 2895 The
1666 2860 1780 2895 force
1807 2859 1852 2894 of
1878 2858 1962 2894 this
1989 2869 2079 2894 sen-

1141 2921 1260 2953 tence
1279 2927 1356 2954 can
1373 2917 1422 2952 be
1442 2916 1566 2962 given
1582 2916 1681 2962 only
1700 2916 1756 2962 by
1769 2925 1793 2950 a
1809 2915 1896 2951 free
1912 2915 2080 2951 render-

1141 2974 1227 3020 ing,
1250 2974 1369 3009 thus:
1403 2972 1543 3009 ‘Shall
1575 2972 1608 3008 it
1639 2973 1689 3008 be
1714 2971 1820 3016 said,
1840 2972 1954 3015 then,
1986 2972 2080 3007 that

1142 3030 1327 3076 Pompey
1358 3029 1495 3065 would
1531 3031 1605 3064 not
1640 3028 1690 3064 be
1726 3027 1851 3071 alive,
1885 3027 1969 3064 had
2004 3031 2079 3063 not

1142 3085 1343 3122 Lucullus
1387 3084 1536 3122 ruined
1579 3083 1749 3121 himself
1791 3084 1848 3131 by
1881 3083 1947 3120 his
1989 3083 2081 3120 lux·

1142 3141 1275 3190 ury?'
