2231 3425
190 142 287 190 110
661 141 841 182 URBIS
882 130 1096 180 ROMAE
1138 131 1272 180 VIR}
1311 132 1644 183 INLUSTRES

259 284 529 346 Augustus
557 283 813 332 amicitias
840 298 1007 346 neque
1033 283 1190 330 facile
1216 283 1430 332 admisit
1456 289 1508 332 et
1539 287 1961 337 censtantissime
1996 290 2115 338 reti-

109 388 177 424 175
193 375 320 423 nuit.
396 372 662 434 Imprimis
700 370 1015 418 familiarem
1049 370 1232 418 habuit
1268 371 1640 434 Maecenatem,
1668 375 1895 437 equitem
1931 377 2116 425 Rema-

193 480 342 524 num3
383 470 473 525 qui
499 469 572 520 ea,
601 467 702 523 qua
728 459 865 522 apud
892 458 1181 521 principem
1207 457 1430 519 valebat,
1459 459 1627 519 gratia
1651 460 1725 508 ita
1756 477 1958 525 semper
1988 472 2113 512 usus

194 557 287 611 est,
324 555 383 598 ut
425 549 694 612 predesset
738 546 992 606 omnibus,
1032 545 1219 608 quibus
1263 550 1454 608 posset,
1491 552 1700 595 noceret
1740 549 1950 597 nemini.
2025 551 2114 600 Isis

194 637 474 701 aliquande
504 635 708 683 (licebat
734 635 1004 694 Augustus
1032 638 1083 680 et
1113 633 1304 681 multes
1336 633 1505 696 capite
1537 635 1874 684 damnaturus
1911 637 2117 686 videba-

949 727 1047 771 tur.
1121 720 1320 768 Aderat
1378 725 1490 768 tum
1538 722 1828 784 Maecenas,
1878 732 1969 786 qui
2026 740 2117 788 per

949 808 1399 859 circumstantium
1440 809 1646 857 turbam
1693 826 2024 875 perrumpere
2066 817 2118 861 et

950 899 1013 947 acl
1046 897 1276 945 tribunal
1307 897 1520 960 propius
1553 899 1791 946 accedere
1821 901 2114 949 cenabatur.

950 986 1097 1044 Quod
1132 1001 1247 1033 cum
1281 986 1480 1034 frustra
1514 991 1784 1049 tentasset,
1811 988 1938 1036 haec
1962 989 2121 1038 verba

952 1074 1004 1121 in
1034 1074 1229 1122 tabella
1256 1074 1491 1137 scripsit:
1533 1075 1740 1137 “Surge
1765 1077 1990 1137 tandem,
2017 1092 2120 1125 car-

952 1161 1196 1211 nifex11⁷'
1224 1178 1438 1225 eamque
1464 1163 1712 1211 tabellam
1733 1164 1802 1219 ,ad
1821 1163 2118 1225 Augustum

912 1281 918 1288 ·
952 1250 1182 1313 preiecit.
1255 1251 1368 1308 Qua
1408 1251 1545 1299 lecta
1585 1250 1630 1300 is
1674 1251 1853 1300 statim
1896 1252 2120 1300 surrexit

807 1394 808 1403 ἵ
836 1329 843 1338 ”
866 1318 880 1358 ¹⁰
908 1349 914 1354 ·
951 1353 1118 1401 neque
1145 1338 1422 1401 quisquam
1448 1342 1528 1387 est
1553 1343 1717 1387 morte
1742 1339 2009 1388 multatus.

1017 1426 1298 1474 Habitavit
1331 1426 1601 1489 Augustus
1631 1426 1686 1473 in
1715 1426 1927 1475 aedibus
1961 1427 2119 1475 modi-

951 1522 1039 1575 cis,
1060 1529 1228 1577 neque
1253 1513 1472 1562 laxitate
1489 1512 1505 1539 2
1530 1529 1697 1576 neque
1724 1513 1901 1561 cults13
1924 1514 2120 1577 censpi-

951 1609 1075 1662 cuis,
1102 1609 1160 1649 ac
1186 1617 1278 1664 per
1314 1609 1475 1650 annes
1513 1601 1736 1664 amplius
1775 1601 2121 1664 quadraginta

951 1690 1006 1736 in
1058 1689 1237 1737 eedem
1291 1688 1528 1737 cubicule
1585 1689 1754 1736 hieme
1814 1693 1866 1737 et
1923 1694 2120 1738 aestate

951 1777 1156 1826 mansit.
1246 1775 1560 1840 Suppellex4
1610 1792 1813 1839 quoque
1867 1776 1977 1825 eius
2030 1776 2121 1824 vix

951 1869 1187 1927 privatae
1236 1864 1524 1926 elegantiae
1577 1868 1699 1912 erat.
1789 1865 1929 1912 Rare
1977 1869 2119 1912 veste

952 1952 1056 2000 alia
1090 1961 1216 2001 usus
1254 1956 1333 2001 est
1372 1967 1529 2015 quam
1570 1951 1809 2000 cenfecta
1845 1952 1908 2000 ab
1943 1960 2118 2012 uxere‚

953 2048 1139 2101 serere,
1174 2040 1293 2088 filia
1324 2038 1708 2102 neptibusque.⁵
1777 2039 1913 2087 Item
1946 2043 2120 2087 tamen

111 2142 180 2178 195
450 2101 684 2130 AUGUSTUS
952 2129 1186 2188 Remam,
1209 2143 1363 2190 quam
1389 2135 1482 2190 pre
1501 2127 1773 2175 maiestate
1793 2126 2000 2189 imperii
2018 2134 2121 2175 nen

198 2217 325 2265 satis
365 2221 599 2264 Ornatam
639 2216 923 2277 invenerat,
960 2216 1088 2264 adee
1125 2215 1370 2275 excoluit,
1403 2220 1463 2262 ut
1499 2215 1609 2262 iure
1647 2214 1954 2276 gleriaretur
1995 2230 2122 2262 mar-

199 2320 422 2352 moream
452 2312 504 2351 se
530 2303 839 2366 relinquere,
869 2319 1023 2366 quam
1051 2301 1370 2351 latericiam6
1394 2302 1691 2366 accepisset.

269 2393 452 2440 Ferma
479 2391 583 2438 fuit
609 2390 880 2451 Augustus
907 2391 1099 2439 eximia
1123 2396 1175 2438 et
1200 2405 1291 2453 per
1327 2396 1504 2437 omnes
1540 2387 1728 2435 aetatis
1755 2387 1942 2447 gradus
1968 2402 2123 2434 venu-

199 2479 441 2527 stissima.
515 2479 645 2525 Erat
680 2482 857 2524 tamen
900 2476 1067 2525 omnis
1109 2476 1385 2525 lenecinii⁷
1423 2476 1701 2537 neglegens
1750 2480 1802 2523 et
1849 2476 1905 2523 in
1952 2475 2122 2538 capite

110 2582 181 2617 200
198 2568 445 2615 cemende
474 2573 581 2615 tam
610 2568 916 2626 incuriesus,
944 2570 1002 2613 ut
1028 2573 1086 2613 ee
1112 2565 1226 2628 ipse
1255 2569 1501 2627 tempore,
1530 2571 1631 2626 que
1665 2563 1798 2611 illud
1824 2563 2121 2611 tenseribus

199 2655 562 2715 committeret,
597 2660 685 2703 aut
711 2655 906 2716 legeret
932 2653 1133 2715 aliquid
1158 2657 1246 2700 aut
1273 2652 1430 2699 etiam
1458 2651 1718 2699 scriberet.

265 2744 454 2791 Paucis
502 2751 651 2791 annis
695 2747 972 2805 antequam
1010 2744 1310 2800 moreretur,
1349 2738 1711 2800 gravissimam
1747 2738 1802 2785 in
1845 2737 2122 2787 Germania

200 2830 398 2892 accepit
441 2830 655 2891 cladem,
693 2830 861 2878 tribus
904 2827 1195 2889 legienibus
1238 2842 1353 2874 cum
1395 2827 1522 2873 duce
1564 2826 1702 2873 Vare
1744 2825 2034 2887 legatisque
2071 2829 2122 2871 et

268 3019 282 3046 1
311 3019 636 3063 ‘executioner,'
671 3019 903 3055 ‘butcher.'
957 3017 974 3043 2
1001 3018 1139 3054 ‘size.’
1186 3017 1446 3064 daughters.’
1499 3016 1515 3042 6
1543 3015 1693 3054 ‘made
1712 3015 1756 3052 of
1773 3014 1926 3053 brick.'
1980 3012 1995 3040 7
2022 3012 2123 3051 ‘fin-

199 3075 217 3104 8
259 3077 422 3126 ‘style'
509 3075 525 3100 4
553 3075 821 3113 ‘furniture.'
911 3073 927 3100 5
967 3074 1143 3122 ‘grand-
1187 3074 1291 3124 ery.’
