<?xml version="1.0" encoding="UTF-8"?>
<!DOCTYPE html PUBLIC "-//W3C//DTD XHTML 1.0 Transitional//EN"
    "http://www.w3.org/TR/xhtml1/DTD/xhtml1-transitional.dtd">
<html xmlns="http://www.w3.org/1999/xhtml" xml:lang="en" lang="en">
 <head>
  <title>
</title>
<meta http-equiv="Content-Type" content="text/html;charset=utf-8" />
  <meta name='ocr-system' content='tesseract 3.04.00' />
  <meta name='ocr-capabilities' content='ocr_page ocr_carea ocr_par ocr_line ocrx_word'/>
</head>
<body>
  <div class='ocr_page' id='page_1' title='image "./selectionsfromvi00lhom_0025.png"; bbox 0 0 2231 3425; ppageno 0'>
   <div class='ocr_carea' id='block_1_1' title="bbox 578 179 2041 234">
    <p class='ocr_par' dir='ltr' id='par_1_1' title="bbox 578 179 2041 234">
     <span class='ocr_line' id='line_1_1' title="bbox 578 179 2041 234; baseline 0.003 -13"><span class='ocrx_word' id='word_1_1' title='bbox 578 179 986 222; x_wconf 86' lang='lat' dir='ltr'>SUGGESTIONS</span> <span class='ocrx_word' id='word_1_2' title='bbox 1026 180 1101 220; x_wconf 90' lang='lat' dir='ltr'><strong>TO</strong></span> <span class='ocrx_word' id='word_1_3' title='bbox 1142 180 1264 220; x_wconf 89' lang='lat' dir='ltr'><strong>THE</strong></span> <span class='ocrx_word' id='word_1_4' title='bbox 1307 180 1584 222; x_wconf 88' lang='lat' dir='ltr'>STUDENT</span> <span class='ocrx_word' id='word_1_5' title='bbox 1951 185 2041 234; x_wconf 77' lang='lat' dir='ltr'><strong>xix</strong></span> 
     </span>
    </p>
   </div>
   <div class='ocr_carea' id='block_1_2' title="bbox 229 318 2039 694">
    <p class='ocr_par' dir='ltr' id='par_1_2' title="bbox 229 318 2039 694">
     <span class='ocr_line' id='line_1_2' title="bbox 230 318 2038 383; baseline 0.003 -18"><span class='ocrx_word' id='word_1_6' title='bbox 230 322 394 366; x_wconf 68' lang='lat' dir='ltr'><strong>fenum</strong></span> <span class='ocrx_word' id='word_1_7' title='bbox 419 318 595 365; x_wconf 66' lang='lat' dir='ltr'><strong>Dienae</strong></span> <span class='ocrx_word' id='word_1_8' title='bbox 630 355 638 364; x_wconf 93' lang='lat'><strong>.</strong></span> <span class='ocrx_word' id='word_1_9' title='bbox 677 356 686 364; x_wconf 90' lang='lat'><strong>.</strong></span> <span class='ocrx_word' id='word_1_10' title='bbox 721 322 771 364; x_wconf 89' lang='lat' dir='ltr'><strong>in</strong></span> <span class='ocrx_word' id='word_1_11' title='bbox 795 323 1033 365; x_wconf 83' lang='lat' dir='ltr'><strong>Aventine</strong></span> <span class='ocrx_word' id='word_1_12' title='bbox 1057 326 1215 365; x_wconf 87' lang='lat' dir='ltr'><strong>monte</strong></span> <span class='ocrx_word' id='word_1_13' title='bbox 1238 325 1587 376; x_wconf 66' lang='lat' dir='ltr'><strong>aedificarent,</strong></span> <span class='ocrx_word' id='word_1_14' title='bbox 1611 324 1823 381; x_wconf 74' lang='lat' dir='ltr'><strong>V1L‘253</strong></span> <span class='ocrx_word' id='word_1_15' title='bbox 1859 327 2038 383; x_wconf 71' lang='lat' dir='ltr'><strong>optevit</strong></span> 
     </span>
     <span class='ocr_line' id='line_1_3' title="bbox 229 401 2035 460; baseline 0.003 -16"><span class='ocrx_word' id='word_1_16' title='bbox 229 408 288 444; x_wconf 87' lang='lat' dir='ltr'><strong>ut</strong></span> <span class='ocrx_word' id='word_1_17' title='bbox 309 401 455 445; x_wconf 75' lang='lat' dir='ltr'><strong>frater</strong></span> <span class='ocrx_word' id='word_1_18' title='bbox 489 434 497 443; x_wconf 94' lang='lat'><strong>.</strong></span> <span class='ocrx_word' id='word_1_19' title='bbox 533 434 541 443; x_wconf 95' lang='lat'><strong>.</strong></span> <span class='ocrx_word' id='word_1_20' title='bbox 575 405 921 445; x_wconf 78' lang='lat' dir='ltr'><strong>revivisceret</strong></span> <span class='ocrx_word' id='word_1_21' title='bbox 953 405 1094 458; x_wconf 89' lang='lat' dir='ltr'><strong>atque</strong></span> <span class='ocrx_word' id='word_1_22' title='bbox 1124 401 1296 444; x_wconf 89' lang='lat' dir='ltr'><strong>iterum</strong></span> <span class='ocrx_word' id='word_1_23' title='bbox 1324 402 1514 446; x_wconf 57' lang='lat' dir='ltr'><strong>classem</strong></span> <span class='ocrx_word' id='word_1_24' title='bbox 1548 407 1826 460; x_wconf 66' lang='lat' dir='ltr'><strong>emitteret,</strong></span> <span class='ocrx_word' id='word_1_25' title='bbox 1850 405 2035 459; x_wconf 78' lang='lat' dir='ltr'>XVIII,</span> 
     </span>
     <span class='ocr_line' id='line_1_4' title="bbox 233 481 2037 538; baseline 0.003 -14"><span class='ocrx_word' id='word_1_26' title='bbox 233 482 311 533; x_wconf 78' lang='lat'><strong>193</strong></span> <span class='ocrx_word' id='word_1_27' title='bbox 347 481 496 524; x_wconf 82' lang='lat' dir='ltr'><strong>edixit</strong></span> <span class='ocrx_word' id='word_1_28' title='bbox 518 486 583 524; x_wconf 90' lang='lat' dir='ltr'><strong>ne</strong></span> <span class='ocrx_word' id='word_1_29' title='bbox 606 481 709 538; x_wconf 86' lang='lat' dir='ltr'><strong>quis</strong></span> <span class='ocrx_word' id='word_1_30' title='bbox 744 513 752 522; x_wconf 92' lang='lat'><strong>.</strong></span> <span class='ocrx_word' id='word_1_31' title='bbox 788 513 796 522; x_wconf 92' lang='lat'><strong>.</strong></span> <span class='ocrx_word' id='word_1_32' title='bbox 830 481 879 523; x_wconf 90' lang='lat' dir='ltr'><strong>in</strong></span> <span class='ocrx_word' id='word_1_33' title='bbox 903 481 1058 524; x_wconf 87' lang='lat' dir='ltr'><strong>hostes</strong></span> <span class='ocrx_word' id='word_1_34' title='bbox 1091 485 1355 534; x_wconf 68' lang='lat' dir='ltr'><strong>pugnaret,</strong></span> <span class='ocrx_word' id='word_1_35' title='bbox 1380 481 1516 535; x_wconf 84' lang='lat' dir='ltr'>XIII,</span> <span class='ocrx_word' id='word_1_36' title='bbox 1536 483 1621 536; x_wconf 79' lang='lat'>4‘2;</span> <span class='ocrx_word' id='word_1_37' title='bbox 1656 484 1845 527; x_wconf 80' lang='lat' dir='ltr'><strong>Veritus</strong></span> <span class='ocrx_word' id='word_1_38' title='bbox 1879 489 2037 529; x_wconf 87' lang='lat' dir='ltr'><strong>autem</strong></span> 
     </span>
     <span class='ocr_line' id='line_1_5' title="bbox 229 556 2039 622; baseline 0.003 -19"><span class='ocrx_word' id='word_1_39' title='bbox 229 564 294 603; x_wconf 87' lang='lat' dir='ltr'><strong>ne</strong></span> <span class='ocrx_word' id='word_1_40' title='bbox 328 593 336 602; x_wconf 96' lang='lat'><strong>.</strong></span> <span class='ocrx_word' id='word_1_41' title='bbox 373 593 380 601; x_wconf 95' lang='lat'><strong>.</strong></span> <span class='ocrx_word' id='word_1_42' title='bbox 414 568 584 616; x_wconf 69' lang='lat' dir='ltr'><strong>poenes</strong></span> <span class='ocrx_word' id='word_1_43' title='bbox 608 563 769 613; x_wconf 84' lang='lat' dir='ltr'><strong>daret,</strong></span> <span class='ocrx_word' id='word_1_44' title='bbox 794 560 926 613; x_wconf 90' lang='lat' dir='ltr'>XVI,</span> <span class='ocrx_word' id='word_1_45' title='bbox 951 561 1032 614; x_wconf 79' lang='lat'><strong>21;</strong></span> <span class='ocrx_word' id='word_1_46' title='bbox 1066 560 1203 617; x_wconf 89' lang='lat' dir='ltr'><strong>petiit</strong></span> <span class='ocrx_word' id='word_1_47' title='bbox 1225 568 1251 604; x_wconf 79' lang='lat' dir='ltr'><strong>&#39;a</strong></span> <span class='ocrx_word' id='word_1_48' title='bbox 1271 560 1487 618; x_wconf 83' lang='lat' dir='ltr'><strong>patribus</strong></span> <span class='ocrx_word' id='word_1_49' title='bbox 1520 556 1795 620; x_wconf 71' lang='lat' dir='ltr'><strong>censoriptis</strong></span> <span class='ocrx_word' id='word_1_50' title='bbox 1827 569 1892 609; x_wconf 84' lang='lat' dir='ltr'><strong>ne</strong></span> <span class='ocrx_word' id='word_1_51' title='bbox 1924 565 2039 622; x_wconf 89' lang='lat' dir='ltr'><strong>quid</strong></span> 
     </span>
     <span class='ocr_line' id='line_1_6' title="bbox 230 639 1019 694; baseline -0.001 -12"><span class='ocrx_word' id='word_1_52' title='bbox 230 640 287 683; x_wconf 86' lang='lat' dir='ltr'><strong>de</strong></span> <span class='ocrx_word' id='word_1_53' title='bbox 309 647 362 683; x_wconf 72' lang='lat' dir='ltr'><strong>ee</strong></span> <span class='ocrx_word' id='word_1_54' title='bbox 382 645 432 682; x_wconf 87' lang='lat' dir='ltr'><strong>re</strong></span> <span class='ocrx_word' id='word_1_55' title='bbox 454 646 762 694; x_wconf 83' lang='lat' dir='ltr'><strong>statuerent,</strong></span> <span class='ocrx_word' id='word_1_56' title='bbox 786 639 925 692; x_wconf 89' lang='lat' dir='ltr'>XIII,</span> <span class='ocrx_word' id='word_1_57' title='bbox 951 641 1019 682; x_wconf 83' lang='lat'><strong>83.</strong></span> 
     </span>
    </p>
   </div>
   <div class='ocr_carea' id='block_1_3' title="bbox 1363 735 1424 768">
    <p class='ocr_par' dir='ltr' id='par_1_3' title="bbox 1363 735 1424 768">
     <span class='ocr_line' id='line_1_7' title="bbox 1363 735 1424 768; baseline 0 0"><span class='ocrx_word' id='word_1_58' title='bbox 1363 735 1424 768; x_wconf 50' lang='lat'><strong>111&#39;2‘</strong></span> 
     </span>
    </p>
   </div>
   <div class='ocr_carea' id='block_1_4' title="bbox 593 853 1565 901">
    <p class='ocr_par' dir='ltr' id='par_1_4' title="bbox 593 853 1565 901">
     <span class='ocr_line' id='line_1_8' title="bbox 593 853 1565 901; baseline 0.002 -5"><span class='ocrx_word' id='word_1_59' title='bbox 593 854 644 896; x_wconf 90' lang='lat' dir='ltr'><strong>F.</strong></span> <span class='ocrx_word' id='word_1_60' title='bbox 705 853 1144 898; x_wconf 86' lang='lat' dir='ltr'>EXPRESSIONS</span> <span class='ocrx_word' id='word_1_61' title='bbox 1187 854 1270 898; x_wconf 90' lang='lat' dir='ltr'><strong>OF</strong></span> <span class='ocrx_word' id='word_1_62' title='bbox 1314 854 1565 901; x_wconf 86' lang='lat' dir='ltr'>RESULT</span> 
     </span>
    </p>
   </div>
   <div class='ocr_carea' id='block_1_5' title="bbox 179 963 1662 1046">
    <p class='ocr_par' dir='ltr' id='par_1_5' title="bbox 179 963 1662 1046">
     <span class='ocr_line' id='line_1_9' title="bbox 179 963 1662 1046; baseline 0.001 -19"><span class='ocrx_word' id='word_1_63' title='bbox 179 980 222 1027; x_wconf 89' lang='lat'><strong>1.</strong></span> <span class='ocrx_word' id='word_1_64' title='bbox 273 980 410 1028; x_wconf 86' lang='lat' dir='ltr'><strong>Pure</strong></span> <span class='ocrx_word' id='word_1_65' title='bbox 435 979 626 1028; x_wconf 80' lang='lat' dir='ltr'><strong>result:</strong></span> <span class='ocrx_word' id='word_1_66' title='bbox 665 991 723 1027; x_wconf 87' lang='lat' dir='ltr'><strong>ut</strong></span> <span class='ocrx_word' id='word_1_67' title='bbox 747 996 802 1028; x_wconf 82' lang='lat' dir='ltr'><strong>or</strong></span> <span class='ocrx_word' id='word_1_68' title='bbox 826 991 883 1027; x_wconf 91' lang='lat' dir='ltr'><strong>ut</strong></span> <span class='ocrx_word' id='word_1_69' title='bbox 906 988 1011 1028; x_wconf 77' lang='lat' dir='ltr'><strong>nen</strong></span> <span class='ocrx_word' id='word_1_70' title='bbox 1035 963 1165 1028; x_wconf 84' lang='lat' dir='ltr'><strong>with</strong></span> <span class='ocrx_word' id='word_1_71' title='bbox 1190 980 1280 1029; x_wconf 88' lang='lat' dir='ltr'><strong>the</strong></span> <span class='ocrx_word' id='word_1_72' title='bbox 1307 982 1662 1046; x_wconf 73' lang='lat' dir='ltr'><strong>subjunctive:</strong></span> 
     </span>
    </p>
   </div>
   <div class='ocr_carea' id='block_1_6' title="bbox 113 1087 2041 1380">
    <p class='ocr_par' dir='ltr' id='par_1_6' title="bbox 113 1087 2041 1380">
     <span class='ocr_line' id='line_1_10' title="bbox 113 1087 2040 1148; baseline 0.004 -18"><span class='ocrx_word' id='word_1_73' title='bbox 113 1088 180 1131; x_wconf 87' lang='lat' dir='ltr'><strong>ita</strong></span> <span class='ocrx_word' id='word_1_74' title='bbox 201 1087 409 1131; x_wconf 85' lang='lat' dir='ltr'><strong>omnium</strong></span> <span class='ocrx_word' id='word_1_75' title='bbox 436 1088 617 1131; x_wconf 80' lang='lat' dir='ltr'><strong>animes</strong></span> <span class='ocrx_word' id='word_1_76' title='bbox 640 1095 693 1131; x_wconf 73' lang='lat' dir='ltr'><strong>ea</strong></span> <span class='ocrx_word' id='word_1_77' title='bbox 721 1089 896 1145; x_wconf 60' lang='lat' dir='ltr'><strong>pietate</strong></span> <span class='ocrx_word' id='word_1_78' title='bbox 930 1088 1103 1131; x_wconf 86' lang='lat' dir='ltr'><strong>imbuit</strong></span> <span class='ocrx_word' id='word_1_79' title='bbox 1136 1095 1196 1131; x_wconf 90' lang='lat' dir='ltr'><strong>ut</strong></span> <span class='ocrx_word' id='word_1_80' title='bbox 1227 1089 1344 1132; x_wconf 87' lang='lat' dir='ltr'><strong>fides</strong></span> <span class='ocrx_word' id='word_1_81' title='bbox 1378 1123 1386 1131; x_wconf 85' lang='lat'><strong>.</strong></span> <span class='ocrx_word' id='word_1_82' title='bbox 1424 1123 1432 1131; x_wconf 91' lang='lat'><strong>.</strong></span> <span class='ocrx_word' id='word_1_83' title='bbox 1466 1097 1590 1134; x_wconf 83' lang='lat' dir='ltr'><strong>cives</strong></span> <span class='ocrx_word' id='word_1_84' title='bbox 1623 1096 1932 1146; x_wconf 81' lang='lat' dir='ltr'><strong>contineret,</strong></span> <span class='ocrx_word' id='word_1_85' title='bbox 1953 1093 2040 1148; x_wconf 93' lang='lat' dir='ltr'>III,</span> 
     </span>
     <span class='ocr_line' id='line_1_11' title="bbox 229 1167 2041 1228; baseline 0.004 -18"><span class='ocrx_word' id='word_1_86' title='bbox 229 1168 309 1220; x_wconf 85' lang='lat'><strong>33;</strong></span> <span class='ocrx_word' id='word_1_87' title='bbox 350 1167 464 1210; x_wconf 79' lang='lat' dir='ltr'><strong>adee</strong></span> <span class='ocrx_word' id='word_1_88' title='bbox 495 1167 634 1211; x_wconf 73' lang='lat' dir='ltr'><strong>fracti</strong></span> <span class='ocrx_word' id='word_1_89' title='bbox 668 1201 676 1209; x_wconf 91' lang='lat'><strong>.</strong></span> <span class='ocrx_word' id='word_1_90' title='bbox 712 1201 720 1210; x_wconf 95' lang='lat'><strong>.</strong></span> <span class='ocrx_word' id='word_1_91' title='bbox 755 1171 865 1211; x_wconf 88' lang='lat' dir='ltr'><strong>sunt</strong></span> <span class='ocrx_word' id='word_1_92' title='bbox 898 1168 1090 1224; x_wconf 78' lang='lat' dir='ltr'><strong>spirits1s</strong></span> <span class='ocrx_word' id='word_1_93' title='bbox 1124 1201 1132 1209; x_wconf 91' lang='lat'><strong>.</strong></span> <span class='ocrx_word' id='word_1_94' title='bbox 1168 1201 1177 1210; x_wconf 87' lang='lat'><strong>.</strong></span> <span class='ocrx_word' id='word_1_95' title='bbox 1211 1176 1270 1210; x_wconf 85' lang='lat' dir='ltr'><strong>ut</strong></span> <span class='ocrx_word' id='word_1_96' title='bbox 1304 1170 1421 1212; x_wconf 77' lang='lat' dir='ltr'><strong>nsilli</strong></span> <span class='ocrx_word' id='word_1_97' title='bbox 1454 1177 1520 1213; x_wconf 86' lang='lat' dir='ltr'><strong>rei</strong></span> <span class='ocrx_word' id='word_1_98' title='bbox 1553 1171 1743 1228; x_wconf 73' lang='lat' dir='ltr'><strong>posthac</strong></span> <span class='ocrx_word' id='word_1_99' title='bbox 1776 1172 1869 1216; x_wconf 86' lang='lat' dir='ltr'><strong>nisi</strong></span> <span class='ocrx_word' id='word_1_100' title='bbox 1899 1179 2041 1218; x_wconf 83' lang='lat' dir='ltr'><strong>sacris</strong></span> 
     </span>
     <span class='ocr_line' id='line_1_12' title="bbox 229 1247 2040 1309; baseline 0.004 -19"><span class='ocrx_word' id='word_1_101' title='bbox 229 1261 416 1303; x_wconf 85' lang='lat' dir='ltr'><strong>operam</strong></span> <span class='ocrx_word' id='word_1_102' title='bbox 451 1250 613 1300; x_wconf 83' lang='lat' dir='ltr'><strong>daret,</strong></span> <span class='ocrx_word' id='word_1_103' title='bbox 638 1248 719 1300; x_wconf 90' lang='lat' dir='ltr'>IV,</span> <span class='ocrx_word' id='word_1_104' title='bbox 744 1248 826 1302; x_wconf 78' lang='lat'><strong>723</strong></span> <span class='ocrx_word' id='word_1_105' title='bbox 871 1247 939 1291; x_wconf 87' lang='lat' dir='ltr'><strong>ita</strong></span> <span class='ocrx_word' id='word_1_106' title='bbox 972 1254 1048 1291; x_wconf 80' lang='lat' dir='ltr'><strong>ees</strong></span> <span class='ocrx_word' id='word_1_107' title='bbox 1082 1248 1308 1292; x_wconf 86' lang='lat' dir='ltr'><strong>adliciens</strong></span> <span class='ocrx_word' id='word_1_108' title='bbox 1341 1256 1400 1292; x_wconf 89' lang='lat' dir='ltr'><strong>ut</strong></span> <span class='ocrx_word' id='word_1_109' title='bbox 1433 1251 1558 1307; x_wconf 90' lang='lat' dir='ltr'><strong>apud</strong></span> <span class='ocrx_word' id='word_1_110' title='bbox 1590 1258 1752 1295; x_wconf 89' lang='lat' dir='ltr'><strong>omnes</strong></span> <span class='ocrx_word' id='word_1_111' title='bbox 1784 1252 2040 1309; x_wconf 74' lang='lat' dir='ltr'><strong>plurimum</strong></span> 
     </span>
     <span class='ocr_line' id='line_1_13' title="bbox 229 1327 647 1380; baseline 0.005 -12"><span class='ocrx_word' id='word_1_112' title='bbox 229 1333 423 1380; x_wconf 83' lang='lat' dir='ltr'><strong>posset,</strong></span> <span class='ocrx_word' id='word_1_113' title='bbox 449 1327 582 1380; x_wconf 86' lang='lat' dir='ltr'>VIII,</span> <span class='ocrx_word' id='word_1_114' title='bbox 609 1329 647 1370; x_wconf 88' lang='grc'><strong>6.</strong></span> 
     </span>
    </p>
   </div>
   <div class='ocr_carea' id='block_1_7' title="bbox 112 1457 2040 1568">
    <p class='ocr_par' dir='ltr' id='par_1_7' title="bbox 112 1457 2040 1568">
     <span class='ocr_line' id='line_1_14' title="bbox 177 1457 2040 1509; baseline 0.004 -16"><span class='ocrx_word' id='word_1_115' title='bbox 177 1457 285 1494; x_wconf 87' lang='lat' dir='ltr'><strong>Note</strong></span> <span class='ocrx_word' id='word_1_116' title='bbox 305 1458 399 1494; x_wconf 84' lang='lat' dir='ltr'><strong>that</strong></span> <span class='ocrx_word' id='word_1_117' title='bbox 419 1457 461 1493; x_wconf 87' lang='lat' dir='ltr'><strong>in</strong></span> <span class='ocrx_word' id='word_1_118' title='bbox 481 1458 552 1495; x_wconf 90' lang='lat' dir='ltr'><strong>the</strong></span> <span class='ocrx_word' id='word_1_119' title='bbox 571 1458 687 1494; x_wconf 89' lang='lat' dir='ltr'><strong>main</strong></span> <span class='ocrx_word' id='word_1_120' title='bbox 714 1458 855 1495; x_wconf 86' lang='lat' dir='ltr'><strong>clause</strong></span> <span class='ocrx_word' id='word_1_121' title='bbox 875 1459 995 1496; x_wconf 86' lang='lat' dir='ltr'><strong>there</strong></span> <span class='ocrx_word' id='word_1_122' title='bbox 1014 1459 1049 1496; x_wconf 86' lang='lat' dir='ltr'><strong>is</strong></span> <span class='ocrx_word' id='word_1_123' title='bbox 1071 1459 1241 1506; x_wconf 82' lang='lat' dir='ltr'><strong>usually</strong></span> <span class='ocrx_word' id='word_1_124' title='bbox 1260 1471 1375 1498; x_wconf 89' lang='lat' dir='ltr'><strong>some</strong></span> <span class='ocrx_word' id='word_1_125' title='bbox 1395 1462 1511 1498; x_wconf 77' lang='lat' dir='ltr'><strong>word</strong></span> <span class='ocrx_word' id='word_1_126' title='bbox 1540 1462 1626 1499; x_wconf 85' lang='lat' dir='ltr'><strong>like</strong></span> <span class='ocrx_word' id='word_1_127' title='bbox 1655 1461 1738 1507; x_wconf 76' lang='lat' dir='ltr'><strong>ita,</strong></span> <span class='ocrx_word' id='word_1_128' title='bbox 1759 1462 1900 1509; x_wconf 75' lang='lat' dir='ltr'><strong>adec‘),</strong></span> <span class='ocrx_word' id='word_1_129' title='bbox 1920 1464 2040 1509; x_wconf 79' lang='lat' dir='ltr'><strong>tam,</strong></span> 
     </span>
     <span class='ocr_line' id='line_1_15' title="bbox 112 1518 1336 1568; baseline 0.006 -15"><span class='ocrx_word' id='word_1_130' title='bbox 112 1518 241 1563; x_wconf 69' lang='lat' dir='ltr'><strong>tane,</strong></span> <span class='ocrx_word' id='word_1_131' title='bbox 263 1518 317 1564; x_wconf 87' lang='lat' dir='ltr'><strong>is,</strong></span> <span class='ocrx_word' id='word_1_132' title='bbox 339 1520 476 1556; x_wconf 81' lang='lat' dir='ltr'><strong>Which</strong></span> <span class='ocrx_word' id='word_1_133' title='bbox 495 1531 625 1566; x_wconf 89' lang='lat' dir='ltr'><strong>paves</strong></span> <span class='ocrx_word' id='word_1_134' title='bbox 644 1521 717 1557; x_wconf 88' lang='lat' dir='ltr'><strong>the</strong></span> <span class='ocrx_word' id='word_1_135' title='bbox 736 1531 831 1568; x_wconf 83' lang='lat' dir='ltr'><strong>way</strong></span> <span class='ocrx_word' id='word_1_136' title='bbox 850 1521 917 1557; x_wconf 84' lang='lat' dir='ltr'><strong>for</strong></span> <span class='ocrx_word' id='word_1_137' title='bbox 936 1522 1007 1558; x_wconf 84' lang='lat' dir='ltr'><strong>the</strong></span> <span class='ocrx_word' id='word_1_138' title='bbox 1028 1522 1163 1558; x_wconf 82' lang='lat' dir='ltr'><strong>result</strong></span> <span class='ocrx_word' id='word_1_139' title='bbox 1182 1522 1336 1560; x_wconf 88' lang='lat' dir='ltr'><strong>clause.</strong></span> 
     </span>
    </p>
   </div>
   <div class='ocr_carea' id='block_1_8' title="bbox 179 1637 1002 1705">
    <p class='ocr_par' dir='ltr' id='par_1_8' title="bbox 179 1637 1002 1705">
     <span class='ocr_line' id='line_1_16' title="bbox 179 1637 1002 1705; baseline 0.004 -22"><span class='ocrx_word' id='word_1_140' title='bbox 179 1637 222 1684; x_wconf 84' lang='lat'><strong>2.</strong></span> <span class='ocrx_word' id='word_1_141' title='bbox 274 1637 514 1685; x_wconf 84' lang='lat' dir='ltr'><strong>Relative</strong></span> <span class='ocrx_word' id='word_1_142' title='bbox 543 1637 1002 1705; x_wconf 79' lang='lat' dir='ltr'><strong>(characteristic):</strong></span> 
     </span>
    </p>
   </div>
   <div class='ocr_carea' id='block_1_9' title="bbox 113 1743 2044 2119">
    <p class='ocr_par' dir='ltr' id='par_1_9' title="bbox 113 1743 2044 2119">
     <span class='ocr_line' id='line_1_17' title="bbox 113 1743 2042 1805; baseline 0.005 -18"><span class='ocrx_word' id='word_1_143' title='bbox 113 1745 313 1788; x_wconf 81' lang='lat' dir='ltr'><strong>inveniri</strong></span> <span class='ocrx_word' id='word_1_144' title='bbox 348 1745 504 1802; x_wconf 89' lang='lat' dir='ltr'><strong>potuit</strong></span> <span class='ocrx_word' id='word_1_145' title='bbox 543 1752 693 1798; x_wconf 81' lang='lat' dir='ltr'><strong>neme,</strong></span> <span class='ocrx_word' id='word_1_146' title='bbox 733 1750 824 1799; x_wconf 77' lang='lat' dir='ltr'><strong>qui·</strong></span> <span class='ocrx_word' id='word_1_147' title='bbox 858 1779 866 1788; x_wconf 89' lang='lat'><strong>.</strong></span> <span class='ocrx_word' id='word_1_148' title='bbox 905 1781 913 1789; x_wconf 95' lang='lat'><strong>.</strong></span> <span class='ocrx_word' id='word_1_149' title='bbox 949 1753 1167 1801; x_wconf 89' lang='lat' dir='ltr'><strong>peteret,</strong></span> <span class='ocrx_word' id='word_1_150' title='bbox 1208 1748 1397 1802; x_wconf 90' lang='lat' dir='ltr'>XXIII,</span> <span class='ocrx_word' id='word_1_151' title='bbox 1439 1751 1547 1805; x_wconf 80' lang='lat'>1193</span> <span class='ocrx_word' id='word_1_152' title='bbox 1598 1743 1732 1796; x_wconf 71' lang='lat' dir='ltr'><strong>Unus</strong></span> <span class='ocrx_word' id='word_1_153' title='bbox 1772 1753 2042 1797; x_wconf 69' lang='lat' dir='ltr'><strong>adulescens</strong></span> 
     </span>
     <span class='ocr_line' id='line_1_18' title="bbox 229 1824 2042 1889; baseline 0.006 -22"><span class='ocrx_word' id='word_1_154' title='bbox 229 1824 335 1877; x_wconf 83' lang='lat' dir='ltr'><strong>fuit,</strong></span> <span class='ocrx_word' id='word_1_155' title='bbox 370 1829 462 1878; x_wconf 81' lang='lat' dir='ltr'><strong>qui</strong></span> <span class='ocrx_word' id='word_1_156' title='bbox 493 1828 710 1868; x_wconf 80' lang='lat' dir='ltr'><strong>auderet</strong></span> <span class='ocrx_word' id='word_1_157' title='bbox 742 1832 886 1882; x_wconf 86' lang='lat' dir='ltr'><strong>queri,</strong></span> <span class='ocrx_word' id='word_1_158' title='bbox 924 1827 1106 1879; x_wconf 90' lang='lat' dir='ltr'>XXIV,</span> <span class='ocrx_word' id='word_1_159' title='bbox 1143 1830 1211 1871; x_wconf 88' lang='lat'><strong>50.</strong></span> <span class='ocrx_word' id='word_1_160' title='bbox 1278 1829 1400 1872; x_wconf 91' lang='lat' dir='ltr'><strong>Here</strong></span> <span class='ocrx_word' id='word_1_161' title='bbox 1433 1834 1510 1874; x_wconf 84' lang='lat' dir='ltr'><strong>too</strong></span> <span class='ocrx_word' id='word_1_162' title='bbox 1543 1830 1737 1889; x_wconf 85' lang='lat' dir='ltr'><strong>belongs</strong></span> <span class='ocrx_word' id='word_1_163' title='bbox 1770 1836 1895 1885; x_wconf 77' lang='lat' dir='ltr'><strong>quin</strong></span> <span class='ocrx_word' id='word_1_164' title='bbox 1926 1832 2042 1876; x_wconf 87' lang='lat' dir='ltr'><strong>with</strong></span> 
     </span>
     <span class='ocr_line' id='line_1_19' title="bbox 229 1904 2042 1966; baseline 0.006 -20"><span class='ocrx_word' id='word_1_165' title='bbox 229 1904 308 1947; x_wconf 89' lang='lat' dir='ltr'><strong>the</strong></span> <span class='ocrx_word' id='word_1_166' title='bbox 342 1904 663 1962; x_wconf 83' lang='lat' dir='ltr'><strong>subjunctive:</strong></span> <span class='ocrx_word' id='word_1_167' title='bbox 698 1905 822 1949; x_wconf 91' lang='lat' dir='ltr'><strong>haud</strong></span> <span class='ocrx_word' id='word_1_168' title='bbox 862 1908 1023 1963; x_wconf 86' lang='lat' dir='ltr'><strong>procul</strong></span> <span class='ocrx_word' id='word_1_169' title='bbox 1055 1912 1155 1950; x_wconf 84' lang='lat' dir='ltr'><strong>erat</strong></span> <span class='ocrx_word' id='word_1_170' title='bbox 1180 1912 1304 1961; x_wconf 71' lang='lat' dir='ltr'><strong>quIn</strong></span> <span class='ocrx_word' id='word_1_171' title='bbox 1342 1942 1350 1951; x_wconf 95' lang='lat'><strong>.</strong></span> <span class='ocrx_word' id='word_1_172' title='bbox 1391 1942 1399 1951; x_wconf 92' lang='lat'><strong>.</strong></span> <span class='ocrx_word' id='word_1_173' title='bbox 1433 1913 1752 1964; x_wconf 68' lang='lat' dir='ltr'><strong>agnosceret,</strong></span> <span class='ocrx_word' id='word_1_174' title='bbox 1777 1913 1810 1965; x_wconf 97' lang='lat' dir='ltr'>I,</span> <span class='ocrx_word' id='word_1_175' title='bbox 1834 1914 1914 1966; x_wconf 77' lang='lat'><strong>333</strong></span> <span class='ocrx_word' id='word_1_176' title='bbox 1947 1919 2042 1956; x_wconf 80' lang='lat' dir='ltr'><strong>nen</strong></span> 
     </span>
     <span class='ocr_line' id='line_1_20' title="bbox 230 1984 2044 2042; baseline 0.006 -16"><span class='ocrx_word' id='word_1_177' title='bbox 230 1998 327 2027; x_wconf 87' lang='lat' dir='ltr'><strong>esse</strong></span> <span class='ocrx_word' id='word_1_178' title='bbox 372 1984 569 2027; x_wconf 88' lang='lat' dir='ltr'><strong>dubium</strong></span> <span class='ocrx_word' id='word_1_179' title='bbox 616 1989 741 2038; x_wconf 81' lang='lat' dir='ltr'><strong>quin</strong></span> <span class='ocrx_word' id='word_1_180' title='bbox 779 2019 787 2028; x_wconf 93' lang='lat'><strong>.</strong></span> <span class='ocrx_word' id='word_1_181' title='bbox 825 2018 834 2027; x_wconf 86' lang='lat'><strong>.</strong></span> <span class='ocrx_word' id='word_1_182' title='bbox 868 1991 1150 2040; x_wconf 72' lang='lat' dir='ltr'><strong>oporteret,</strong></span> <span class='ocrx_word' id='word_1_183' title='bbox 1190 1987 1323 2041; x_wconf 89' lang='lat' dir='ltr'>XVI,</span> <span class='ocrx_word' id='word_1_184' title='bbox 1363 1990 1444 2042; x_wconf 77' lang='lat'><strong>273</strong></span> <span class='ocrx_word' id='word_1_185' title='bbox 1497 1989 1692 2034; x_wconf 87' lang='lat' dir='ltr'><strong>Nemini</strong></span> <span class='ocrx_word' id='word_1_186' title='bbox 1734 1991 1930 2035; x_wconf 87' lang='lat' dir='ltr'><strong>dubium</strong></span> <span class='ocrx_word' id='word_1_187' title='bbox 1973 1996 2044 2036; x_wconf 86' lang='lat' dir='ltr'><strong>est</strong></span> 
     </span>
     <span class='ocr_line' id='line_1_21' title="bbox 232 2065 1073 2119; baseline 0.004 -13"><span class='ocrx_word' id='word_1_188' title='bbox 232 2067 357 2116; x_wconf 75' lang='lat' dir='ltr'><strong>quin</strong></span> <span class='ocrx_word' id='word_1_189' title='bbox 391 2096 399 2105; x_wconf 94' lang='lat'><strong>.</strong></span> <span class='ocrx_word' id='word_1_190' title='bbox 439 2097 447 2106; x_wconf 92' lang='lat'><strong>.</strong></span> <span class='ocrx_word' id='word_1_191' title='bbox 487 2068 788 2117; x_wconf 87' lang='lat' dir='ltr'><strong>restituerit,</strong></span> <span class='ocrx_word' id='word_1_192' title='bbox 813 2065 949 2119; x_wconf 87' lang='lat' dir='ltr'>XIX,</span> <span class='ocrx_word' id='word_1_193' title='bbox 975 2067 1073 2109; x_wconf 80' lang='lat'><strong>105.</strong></span> 
     </span>
    </p>
   </div>
   <div class='ocr_carea' id='block_1_10' title="bbox 181 2185 641 2235">
    <p class='ocr_par' dir='ltr' id='par_1_10' title="bbox 181 2185 641 2235">
     <span class='ocr_line' id='line_1_22' title="bbox 181 2185 641 2235; baseline 0.004 -3"><span class='ocrx_word' id='word_1_194' title='bbox 181 2187 224 2233; x_wconf 86' lang='lat'><strong>3.</strong></span> <span class='ocrx_word' id='word_1_195' title='bbox 278 2185 613 2235; x_wconf 84' lang='lat' dir='ltr'><strong>Substantive</strong></span> <span class='ocrx_word' id='word_1_196' title='bbox 633 2206 641 2234; x_wconf 89' lang='lat'>:</span> 
     </span>
    </p>
   </div>
   <div class='ocr_carea' id='block_1_11' title="bbox 118 2293 2040 2516">
    <p class='ocr_par' dir='ltr' id='par_1_11' title="bbox 118 2293 2040 2516">
     <span class='ocr_line' id='line_1_23' title="bbox 118 2293 2040 2357; baseline 0.006 -22"><span class='ocrx_word' id='word_1_197' title='bbox 118 2293 369 2350; x_wconf 82' lang='lat' dir='ltr'><strong>(Romulus</strong></span> <span class='ocrx_word' id='word_1_198' title='bbox 393 2294 541 2352; x_wconf 80' lang='lat' dir='ltr'><strong>dixit)</strong></span> <span class='ocrx_word' id='word_1_199' title='bbox 566 2298 798 2338; x_wconf 72' lang='lat' dir='ltr'><strong>futurum</strong></span> <span class='ocrx_word' id='word_1_200' title='bbox 821 2302 881 2338; x_wconf 93' lang='lat' dir='ltr'><strong>ut</strong></span> <span class='ocrx_word' id='word_1_201' title='bbox 913 2297 1125 2340; x_wconf 86' lang='lat' dir='ltr'><strong>omnium</strong></span> <span class='ocrx_word' id='word_1_202' title='bbox 1158 2297 1371 2355; x_wconf 86' lang='lat' dir='ltr'><strong>gentium</strong></span> <span class='ocrx_word' id='word_1_203' title='bbox 1407 2299 1587 2344; x_wconf 86' lang='lat' dir='ltr'><strong>domini</strong></span> <span class='ocrx_word' id='word_1_204' title='bbox 1622 2306 1954 2357; x_wconf 80' lang='lat' dir='ltr'><strong>exsisterent,</strong></span> <span class='ocrx_word' id='word_1_205' title='bbox 1978 2304 2040 2355; x_wconf 85' lang='grc' dir='ltr'><strong>ΙΙ,</strong></span> 
     </span>
     <span class='ocr_line' id='line_1_24' title="bbox 232 2375 2040 2436; baseline 0.007 -21"><span class='ocrx_word' id='word_1_206' title='bbox 232 2375 311 2426; x_wconf 79' lang='lat'><strong>533</strong></span> <span class='ocrx_word' id='word_1_207' title='bbox 359 2380 568 2426; x_wconf 89' lang='lat' dir='ltr'><strong>oportet</strong></span> <span class='ocrx_word' id='word_1_208' title='bbox 611 2375 924 2431; x_wconf 84' lang='lat' dir='ltr'><strong>disciplinam,</strong></span> <span class='ocrx_word' id='word_1_209' title='bbox 966 2391 1110 2433; x_wconf 87' lang='lat' dir='ltr'><strong>quam</strong></span> <span class='ocrx_word' id='word_1_210' title='bbox 1152 2378 1345 2430; x_wconf 81' lang='lat' dir='ltr'><strong>solvisti,</strong></span> <span class='ocrx_word' id='word_1_211' title='bbox 1382 2412 1389 2420; x_wconf 97' lang='lat'><strong>.</strong></span> <span class='ocrx_word' id='word_1_212' title='bbox 1426 2412 1434 2420; x_wconf 91' lang='lat'><strong>.</strong></span> <span class='ocrx_word' id='word_1_213' title='bbox 1468 2385 1729 2432; x_wconf 65' lang='lat' dir='ltr'><strong>restituas,</strong></span> <span class='ocrx_word' id='word_1_214' title='bbox 1774 2383 1915 2435; x_wconf 88' lang='lat' dir='ltr'>XIII,</span> <span class='ocrx_word' id='word_1_215' title='bbox 1961 2385 2040 2436; x_wconf 76' lang='lat'><strong>54;</strong></span> 
     </span>
     <span class='ocr_line' id='line_1_25' title="bbox 231 2456 2039 2516; baseline 0.007 -22"><span class='ocrx_word' id='word_1_216' title='bbox 231 2457 543 2496; x_wconf 82' lang='lat' dir='ltr'><strong>concessum</strong></span> <span class='ocrx_word' id='word_1_217' title='bbox 566 2461 660 2507; x_wconf 88' lang='lat' dir='ltr'><strong>est,</strong></span> <span class='ocrx_word' id='word_1_218' title='bbox 685 2461 744 2497; x_wconf 90' lang='lat' dir='ltr'><strong>ut</strong></span> <span class='ocrx_word' id='word_1_219' title='bbox 777 2487 786 2496; x_wconf 90' lang='lat'><strong>.</strong></span> <span class='ocrx_word' id='word_1_220' title='bbox 821 2488 830 2496; x_wconf 90' lang='lat'><strong>.</strong></span> <span class='ocrx_word' id='word_1_221' title='bbox 863 2456 1162 2512; x_wconf 82' lang='lat' dir='ltr'><strong>praecinente</strong></span> <span class='ocrx_word' id='word_1_222' title='bbox 1184 2457 1378 2501; x_wconf 81' lang='lat' dir='ltr'><strong>tibicine</strong></span> <span class='ocrx_word' id='word_1_223' title='bbox 1401 2467 1427 2502; x_wconf 70' lang='lat' dir='ltr'><strong>e</strong></span> <span class='ocrx_word' id='word_1_224' title='bbox 1448 2466 1561 2503; x_wconf 74' lang='lat' dir='ltr'><strong>cene.</strong></span> <span class='ocrx_word' id='word_1_225' title='bbox 1582 2465 1790 2515; x_wconf 77' lang='lat' dir='ltr'><strong>rediret,</strong></span> <span class='ocrx_word' id='word_1_226' title='bbox 1815 2463 1948 2516; x_wconf 90' lang='lat' dir='ltr'>XVI,</span> <span class='ocrx_word' id='word_1_227' title='bbox 1973 2465 2039 2506; x_wconf 86' lang='lat'><strong>16.</strong></span> 
     </span>
    </p>
   </div>
   <div class='ocr_carea' id='block_1_12' title="bbox 665 2669 1494 2717">
    <p class='ocr_par' dir='ltr' id='par_1_12' title="bbox 665 2669 1494 2717">
     <span class='ocr_line' id='line_1_26' title="bbox 665 2669 1494 2717; baseline 0.008 -6"><span class='ocrx_word' id='word_1_228' title='bbox 665 2669 718 2712; x_wconf 80' lang='lat' dir='ltr'><strong>G.</strong></span> <span class='ocrx_word' id='word_1_229' title='bbox 773 2669 1130 2715; x_wconf 80' lang='lat' dir='ltr'><strong>TEMPORAL</strong></span> <span class='ocrx_word' id='word_1_230' title='bbox 1175 2671 1494 2717; x_wconf 88' lang='lat' dir='ltr'><strong>CLAUSES1</strong></span> 
     </span>
    </p>
   </div>
   <div class='ocr_carea' id='block_1_13' title="bbox 117 2781 2039 2943">
    <p class='ocr_par' dir='ltr' id='par_1_13' title="bbox 117 2781 2039 2943">
     <span class='ocr_line' id='line_1_27' title="bbox 183 2781 2039 2867; baseline 0.005 -27"><span class='ocrx_word' id='word_1_231' title='bbox 183 2794 224 2841; x_wconf 81' lang='lat'><strong>1.</strong></span> <span class='ocrx_word' id='word_1_232' title='bbox 275 2801 389 2854; x_wconf 86' lang='lat' dir='ltr'><strong>Ubi,</strong></span> <span class='ocrx_word' id='word_1_233' title='bbox 416 2805 485 2854; x_wconf 88' lang='lat' dir='ltr'><strong>ut,</strong></span> <span class='ocrx_word' id='word_1_234' title='bbox 514 2811 569 2842; x_wconf 81' lang='lat' dir='ltr'><strong>or</strong></span> <span class='ocrx_word' id='word_1_235' title='bbox 592 2806 862 2854; x_wconf 84' lang='lat' dir='ltr'><strong>postquam</strong></span> <span class='ocrx_word' id='word_1_236' title='bbox 882 2796 1010 2844; x_wconf 81' lang='lat' dir='ltr'><strong>with</strong></span> <span class='ocrx_word' id='word_1_237' title='bbox 1036 2797 1125 2845; x_wconf 87' lang='lat' dir='ltr'><strong>the</strong></span> <span class='ocrx_word' id='word_1_238' title='bbox 1150 2781 1434 2848; x_wconf 83' lang='lat' dir='ltr'><strong>indicative</strong></span> <span class='ocrx_word' id='word_1_239' title='bbox 1461 2801 1627 2861; x_wconf 89' lang='lat' dir='ltr'><strong>mood,</strong></span> <span class='ocrx_word' id='word_1_240' title='bbox 1650 2801 1930 2867; x_wconf 88' lang='lat' dir='ltr'><strong>especially</strong></span> <span class='ocrx_word' id='word_1_241' title='bbox 1951 2803 2039 2851; x_wconf 88' lang='lat' dir='ltr'><strong>the</strong></span> 
     </span>
     <span class='ocr_line' id='line_1_28' title="bbox 117 2881 512 2943; baseline 0.005 -15"><span class='ocrx_word' id='word_1_242' title='bbox 117 2881 315 2943; x_wconf 83' lang='lat' dir='ltr'><strong>perfect</strong></span> <span class='ocrx_word' id='word_1_243' title='bbox 339 2887 484 2930; x_wconf 87' lang='lat' dir='ltr'><strong>tense</strong></span> <span class='ocrx_word' id='word_1_244' title='bbox 504 2901 512 2929; x_wconf 78' lang='lat' dir='ltr'><em>z</em></span> 
     </span>
    </p>
   </div>
   <div class='ocr_carea' id='block_1_14' title="bbox 116 2990 2037 3055">
    <p class='ocr_par' dir='ltr' id='par_1_14' title="bbox 116 2990 2037 3055">
     <span class='ocr_line' id='line_1_29' title="bbox 116 2990 2037 3055; baseline 0.006 -24"><span class='ocrx_word' id='word_1_245' title='bbox 116 2991 219 3031; x_wconf 85' lang='lat' dir='ltr'><strong>Ubi</strong></span> <span class='ocrx_word' id='word_1_246' title='bbox 237 2990 487 3045; x_wconf 79' lang='lat' dir='ltr'><strong>spectaculi</strong></span> <span class='ocrx_word' id='word_1_247' title='bbox 503 2992 690 3047; x_wconf 86' lang='lat' dir='ltr'><strong>tempus</strong></span> <span class='ocrx_word' id='word_1_248' title='bbox 706 2994 868 3047; x_wconf 85' lang='lat' dir='ltr'><strong>venit,</strong></span> <span class='ocrx_word' id='word_1_249' title='bbox 887 2991 948 3044; x_wconf 92' lang='lat' dir='ltr'><strong>II,</strong></span> <span class='ocrx_word' id='word_1_250' title='bbox 970 2992 1019 3034; x_wconf 88' lang='lat' dir='ltr'><strong>ll</strong></span> <span class='ocrx_word' id='word_1_251' title='bbox 1041 3008 1049 3046; x_wconf 85' lang='lat'><em>3</em></span> <span class='ocrx_word' id='word_1_252' title='bbox 1085 2995 1157 3035; x_wconf 83' lang='lat' dir='ltr'><strong>Ut</strong></span> <span class='ocrx_word' id='word_1_253' title='bbox 1180 3025 1188 3035; x_wconf 92' lang='lat'><strong>.</strong></span> <span class='ocrx_word' id='word_1_254' title='bbox 1215 3025 1223 3035; x_wconf 92' lang='lat'><strong>.</strong></span> <span class='ocrx_word' id='word_1_255' title='bbox 1246 2997 1552 3048; x_wconf 71' lang='lat' dir='ltr'><strong>increpuere</strong></span> <span class='ocrx_word' id='word_1_256' title='bbox 1571 3010 1701 3040; x_wconf 86' lang='lat' dir='ltr'><strong>arma</strong></span> <span class='ocrx_word' id='word_1_257' title='bbox 1719 2997 2037 3055; x_wconf 75' lang='lat' dir='ltr'><strong>micantesque</strong></span> 
     </span>
    </p>
   </div>
   <div class='ocr_carea' id='block_1_15' title="bbox 678 3137 1464 3186">
    <p class='ocr_par' dir='ltr' id='par_1_15' title="bbox 678 3137 1464 3186">
     <span class='ocr_line' id='line_1_30' title="bbox 678 3137 1464 3186; baseline 0.005 -11"><span class='ocrx_word' id='word_1_258' title='bbox 678 3137 693 3164; x_wconf 86' lang='lat'>1</span> <span class='ocrx_word' id='word_1_259' title='bbox 719 3138 783 3175; x_wconf 74' lang='lat' dir='ltr'><strong>Cf.</strong></span> <span class='ocrx_word' id='word_1_260' title='bbox 801 3139 890 3176; x_wconf 87' lang='lat' dir='ltr'><strong>also</strong></span> <span class='ocrx_word' id='word_1_261' title='bbox 909 3139 1109 3177; x_wconf 83' lang='lat' dir='ltr'><strong>Ablative</strong></span> <span class='ocrx_word' id='word_1_262' title='bbox 1130 3140 1346 3186; x_wconf 86' lang='lat' dir='ltr'><strong>Absolute,</strong></span> <span class='ocrx_word' id='word_1_263' title='bbox 1369 3142 1415 3178; x_wconf 89' lang='lat' dir='ltr'><strong><em>K</em></strong></span> <span class='ocrx_word' id='word_1_264' title='bbox 1429 3144 1464 3179; x_wconf 87' lang='lat'><strong>3.</strong></span> 
     </span>
    </p>
   </div>
  </div>
 </body>
</html>
