2231 3425
121 673 165 710 75

120 1114 167 1150 80

122 1552 168 1586 85

124 1988 170 2023 90

126 2428 171 2464 95

204 169 268 216 34
682 168 861 208 URssis
903 158 1117 207 ROMAE
1161 159 1293 207 vini
1334 158 1661 207 INLUSTRES

207 311 485 359 dicebatur.

206 398 498 447 carnificem
546 399 702 447 iubet.
784 398 953 446 Ambo
1001 398 1380 446 commilitones
1430 398 1560 445 alter
1608 397 1829 445 alterum
1876 398 2134 461 complexi

206 486 407 548 ingenti
431 494 683 534 concursu
708 490 760 533 et
790 493 977 546 magno
1011 485 1199 546 gaudio
1236 485 1491 533 exercitus
1530 485 1856 533 deducuntur
1892 486 1958 533 ad
1993 487 2133 534 Piso-

206 590 336 622 nem.
426 574 524 621 Ille
562 572 864 621 conscendit
900 572 1129 620 tribunal
1169 572 1351 620 furens
1395 577 1447 620 et
1491 577 1768 635 utrumque
1811 573 1876 620 ad
1915 578 2131 620 mortem

207 661 327 708 duci
362 661 519 721 iubet,
558 660 719 708 adicit
756 664 808 707 et
844 659 1215 719 centurionem,
1255 667 1346 722 qui
1383 660 1686 707 damnatum
1728 659 1949 707 militem
1991 660 2134 707 redu-

207 753 367 808 xerat,
395 748 520 796 haec
548 748 815 811 praefatus
835 746 874 795 ¹:
922 752 949 775 “
967 748 1041 794 Te
1075 752 1239 794 morte
1271 746 1430 810 plecti
1463 747 1627 807 iubeo,
1655 747 1779 810 quia
1802 747 1904 795 iam
1930 747 2136 795 damna-

206 841 291 884 tus
329 851 409 896 es3
460 841 527 895 te,
566 835 690 898 quia
725 850 880 883 causa
916 834 1267 883 damnationis
1305 834 1649 882 commilitoni
1685 834 1865 895 fuisti3
1909 839 1975 895 te,
2013 834 2136 897 quia

207 923 377 971 iussus
404 923 633 971 occidere
660 922 881 970 militem
907 921 1241 985 imperatori2
1265 930 1368 970 non
1394 921 1665 985 paruisti.''

275 1011 518 1060 Ceterum
579 1010 878 1058 Manlianae
928 1009 1131 1071 gentis3
1178 1009 1439 1072 propriam
1488 1010 1598 1057 fere
1646 1009 1842 1058 fuisse⁴
1888 1009 2033 1057 illam
2080 1009 2135 1056 in

208 1097 351 1146 filios
391 1098 725 1146 acerbitatem
774 1097 907 1146 alius
958 1097 1205 1157 Manlius,
1251 1096 1394 1145 illius
1443 1097 1506 1145 de
1554 1105 1655 1160 quo
1704 1104 1860 1160 supra
1908 1097 2134 1145 diximus

208 1193 382 1248 nepos,
409 1185 652 1234 ostendit.
727 1186 856 1234 Cum
894 1186 1238 1232 Macedonum
1275 1184 1436 1247 legati
1471 1185 1691 1232 Romam
1723 1184 1988 1233 venissent
2024 1200 2136 1232 con-

209 1273 482 1337 questum⁵
512 1273 574 1321 de
609 1273 802 1333 Silano,
830 1272 1020 1320 Manlii
1055 1274 1307 1335 Torquati
1336 1272 1468 1332 filio,
1496 1272 1635 1335 quod
1663 1271 1900 1335 praetor6
1934 1271 2136 1335 provin-

209 1360 340 1409 ciam
371 1359 687 1424 expilasset,⁷
713 1365 873 1423 pater,
902 1365 1071 1408 avitae
1108 1359 1404 1408 severitatis
1439 1359 1604 1420 heres,
1632 1359 1786 1422 petiit
1811 1367 1841 1407 a
1870 1359 2139 1422 patribus8

209 1453 518 1511 conscriptis
545 1456 610 1496 no
645 1447 771 1510 quid
797 1448 859 1495 de
885 1456 945 1495 ea
971 1456 1023 1495 re
1050 1453 1354 1508 statuerent,
1382 1453 1660 1510 antequam
1686 1447 1797 1510 ipse
1824 1446 2137 1510 inspexisset

210 1536 553 1584 Macedonum
579 1540 631 1583 et
655 1535 762 1583 filii
790 1543 871 1584 sui
899 1551 1119 1584 causam.
1195 1536 1258 1583 Id
1292 1543 1322 1583 a
1359 1540 1542 1584 senatu
1579 1535 1801 1583 libenter
1837 1542 2135 1583 concessum

210 1628 288 1672 est
314 1622 424 1671 viro
451 1622 712 1671 summae⁹
736 1623 1024 1684 dignitatis,
1052 1623 1313 1671 consulari
1339 1623 1569 1686 iurisque
1599 1623 1769 1671 civilis
1803 1622 2132 1686 peritissimo.

211 1711 411 1774 Itaque,
439 1710 685 1759 instituta
710 1711 851 1758 domi
883 1702 1177 1772 cognitione
1207 1727 1405 1772 causae,
1435 1711 1575 1761 solus
1613 1729 1704 1776 per
1729 1719 1895 1762 totum
1924 1714 2135 1761 biduum

210 1804 481 1861 utramque
508 1804 707 1861 partem
734 1799 978 1847 audiebat
1003 1807 1060 1846 ac
1087 1799 1243 1847 tertio
1269 1799 1353 1847 die
1387 1801 1749 1862 pronuntiavit
1782 1802 1955 1848 silium
1987 1818 2135 1850 suum

210 1886 377 1934 videri
402 1894 504 1934 non
529 1886 689 1934 talem
717 1886 879 1935 fuisse
906 1887 960 1933 in
986 1887 1268 1949 provincia,
1296 1887 1475 1950 quales
1504 1888 1613 1937 eius
1645 1889 1863 1937 maiores
1896 1889 2134 1949 fuissent,

211 1979 262 2022 et
287 1974 342 2021 in
367 1979 701 2037 conspectum
729 1991 876 2023 suum
905 1974 1148 2038 deinceps
1176 1984 1353 2023 venire
1382 1976 1561 2024 vetuit.
1636 1978 1763 2024 Tam
1794 1982 1937 2026 tristi
1972 1976 2135 2040 patris

211 2061 401 2110 iudicio
439 2062 705 2125 perculsus
723 2061 756 2087 ¹⁰
780 2062 945 2110 lucem
965 2061 993 2087 ¹¹
1030 2063 1248 2112 ulterius
1286 2064 1479 2112 intueri
1515 2073 1617 2113 non
1655 2065 1904 2114 sustinuit
1940 2070 1991 2112 et
2028 2080 2137 2128 pro-

212 2148 351 2197 xima
365 2148 395 2174 ¹2
410 2155 558 2197 nocte
577 2155 738 2197 vitam
757 2150 1038 2213 suspendio
1056 2151 1247 2199 finivit.
1313 2153 1592 2213 Peregerat
1607 2152 1640 2179 13
1658 2154 1952 2215 Torquatus
1970 2160 2137 2201 severi

212 2242 263 2285 et
299 2237 528 2298 religiosi
565 2237 752 2286 iudicis
791 2237 1017 2300 partesss4
1060 2241 1390 2288 satisfactum
1412 2245 1522 2288 erat
1543 2249 1617 2288 rei
1638 2240 1891 2303 publicae,
1912 2238 2136 2287 habebat

211 2325 462 2373 ultionem
488 2325 807 2385 Macedonia,
835 2331 889 2373 at
914 2326 1143 2374 nondum
1170 2331 1279 2373 erat
1306 2325 1527 2374 inflexus
1554 2325 1717 2388 patris
1744 2325 1893 2387 rigor.
1968 2324 2137 2386 Igitur

213 2411 320 2459 ne¹5
357 2412 616 2474 exsequiis
654 2413 863 2475 quidem
901 2413 1006 2460 filii
1042 2412 1301 2473 interfuit,
1340 2418 1398 2460 ut
1434 2413 1668 2476 patribus
1707 2421 1815 2461 mos
1853 2417 1962 2460 erat
1998 2412 2137 2475 apud

277 2612 292 2639 1
312 2613 505 2659 praefer.
580 2611 598 2637 2
616 2611 722 2649 385:
753 2613 849 2650 227:
877 2618 962 2651 346.
1014 2612 1032 2639 3
1054 2613 1152 2650 Join
1197 2613 1215 2640 9
1232 2622 1434 2651 summae
1455 2642 1462 2649 .
1489 2642 1495 2650 .
1520 2642 1528 2650 .
1548 2612 1823 2661 peritissimo
1842 2625 1849 2649 τ
1868 2615 1986 2651 these
2000 2613 2137 2650 words

559 313 704 359 Tunc
729 310 964 359 centurio
995 310 1250 373 supplicio
1285 310 1610 373 praepositus
1647 311 1865 359 condere
1903 310 2133 373 gladium
2205 341 2208 345 -

214 2669 317 2706 with
338 2669 574 2716 propriam.
629 2669 853 2715 Proprius,
869 2670 957 2707 like
982 2670 1151 2714 sanim,

214 2726 249 2763 is
266 2725 493 2763 construed
512 2725 616 2762 with
643 2726 745 2762 both
770 2727 841 2762 the
868 2738 962 2773 gen.
979 2727 1063 2763 and
1082 2727 1153 2764 the

214 2783 303 2819 dat.
355 2782 372 2807 4
397 2782 637 2829 dependent
680 2793 734 2819 on
777 2781 988 2825 ostendit,
1025 2783 1053 2818 l.
1092 2784 1151 2819 81.

214 2838 230 2864 5
248 2839 396 2886 supine
424 2839 469 2875 of
503 2849 750 2886 conqueror,
780 2839 1028 2886 expressing
1060 2851 1154 2886 pur-

216 2906 327 2943 pose.
379 2895 446 2933 Cf.
468 2907 507 2942 p.
527 2897 564 2940 5,
582 2906 622 2931 n.
643 2896 702 2931 20.
750 2894 767 2920 6
786 2896 794 2912 ⁴
812 2896 930 2932 when
952 2896 1151 2942 praetor,’

215 2964 262 2989 or
278 2953 285 2969 ‘
302 2952 457 2998 during
472 2952 537 2988 his
554 2951 847 2998 praetmship)
892 2951 967 2989 See
983 2953 1151 2997 Vocab.‚

210 3013 398 3055 praetor.
453 3007 630 3054 ⁷Many,
662 3008 813 3044 indeed
853 3012 977 3052 most,
1010 3020 1156 3056 gover-

216 3076 314 3102 nors
343 3065 388 3101 of
418 3065 638 3111 provinces
669 3064 867 3101 enriched
898 3066 1155 3104 themselves

217 3121 273 3168 by
287 3121 513 3159 extortion.
567 3120 582 3146 ⁸
602 3120 677 3159 See
696 3121 1153 3170 Vocab.,c‹3nscripcus.

1198 2671 1368 2707 contain
1396 2672 1467 2708 the
1489 2682 1660 2707 reasons
1681 2671 1776 2717 why
1798 2668 1849 2707 Id
1871 2698 1878 2706 .
1903 2699 1910 2706 .
1937 2698 1944 2705 .
1964 2669 2137 2707 conces-

1198 2735 1297 2763 sum
1316 2729 1399 2764 est.
1453 2727 1486 2752 1⁰
1498 2727 1691 2773 perc-ello.
1736 2727 1769 2753 11
1787 2725 1931 2763 lficem
1953 2754 1960 2762 .
1985 2754 1992 2761 .
2015 2754 2023 2762 .
2043 2734 2137 2763 sus-

1197 2782 1356 2820 tinuit:
1381 2785 1454 2820 ‘he
1470 2784 1638 2821 refused
1655 2788 1697 2820 to
1713 2784 1797 2820 live
1813 2783 1988 2830 longer.‘
2030 2783 2136 2819 How

1197 2840 1417 2887 litei-ally?
1476 2840 1510 2866 12
1536 2841 1621 2877 The
1651 2844 1823 2877 context
1859 2844 1972 2877 must
1999 2839 2135 2876 deter-

1199 2897 1311 2933 mine
1347 2897 1535 2933 whether
1577 2895 1787 2943 proxima
1826 2898 1955 2933 nocte
1979 2912 2014 2925 =
2040 2896 2135 2932 ‘the

1199 2957 1300 2990 next
1336 2953 1480 2998 night’
1513 2965 1560 2989 or
1591 2954 1698 2990 ‘last
1734 2953 1884 2998 night.'
1938 2951 1973 2978 13
1991 2953 2133 2998 perqo.

1200 3009 1233 3035 14
1253 3011 1261 3027 ‘
1278 3009 1395 3046 role.'
1448 3010 1548 3046 This
1564 3010 1762 3056 meaning
1775 3009 1820 3046 of
1835 3009 1978 3055 parte‘s
1997 3009 2031 3046 is
2047 3009 2136 3045 bor-

1200 3066 1339 3103 rowed
1360 3066 1469 3102 from
1497 3067 1568 3103 the
1594 3067 1774 3103 theater.
1828 3064 1862 3090 15
1886 3064 1941 3102 n&
1961 3093 1969 3101 .
1989 3093 1997 3100 .
2017 3093 2025 3100 .
2043 3061 2137 3112 qui-

1198 3120 1297 3161 dem
1332 3123 1367 3160 is
1410 3134 1434 3160 a
1478 3134 1581 3172 very
1623 3126 1770 3170 strong
1811 3121 2023 3169 negative,
2051 3120 2133 3160 and
