2231 3425
763 166 947 217 GKIUs
993 163 1196 216 nimus
1239 176 1481 217 CAESAR
2019 176 2082 227 89

158 322 296 382 tulit,
322 326 382 370 ut
406 336 525 382 ager
551 321 844 382 Campanus
871 319 1012 382 plebi
1038 320 1374 367 divideretur.
1451 321 1546 368 Cui
1581 320 1685 381 legi
1715 337 1830 368 cum
1868 327 2077 369 senatus

159 413 482 472 repugnaret,
510 423 616 454 rem
642 408 707 455 ad
734 407 983 469 populum
1009 407 1214 454 detulit.
1290 407 1509 455 Bibulus
1547 408 1761 468 conlega
1797 408 1850 454 in
1887 409 2074 455 Forum

159 496 317 557 venit,
344 500 402 543 ut
426 495 530 556 legi
555 495 845 555 obsisteret,
874 495 964 542 sed
988 499 1136 541 tanta
1161 494 1216 540 in
1241 509 1358 541 eum
1387 500 1644 542 commeta
1677 500 1756 542 est
1790 495 1992 555 seditie,
2020 500 2077 543 ut

156 583 212 630 in
237 587 392 645 caput
422 582 531 629 eius
562 582 815 644 cophinus
851 588 1074 629 stercore
1108 581 1294 644 plenus
1333 582 1686 629 effunderetur
1722 582 1993 645 fascesque
2031 591 2078 630 ei

156 670 521 732 frangerentur
558 674 713 732 atque
752 669 879 716 adee
915 668 1026 731 ipse
1065 676 1220 716 armis
1265 670 1398 716 Fore
1443 669 1804 732 expelleretur.
1878 670 1988 726 Qua
2024 677 2076 716 re

156 773 272 805 cum
299 757 516 805 Bibulus
542 772 634 819 per
660 756 920 819 reliquum
946 764 1072 804 anni
1098 762 1305 819 tempus
1332 757 1484 804 dome
1512 757 1719 805 abditus
1746 757 1902 805 Curia
1926 757 2079 805 absti-

157 851 316 906 neret,
339 853 471 893 sinus
497 860 560 891 ex
587 852 644 892 ee
664 849 895 907 tempore
917 845 1105 893 Caesar
1126 844 1300 892 omnia
1325 844 1380 891 in
1406 853 1458 891 re
1485 845 1694 907 publica
1714 845 1779 892 ad
1805 845 2077 892 arbitrium

156 933 570 992 administrabat,
613 938 672 980 ut
710 932 951 980 nennsilli
990 932 1319 993 urbanerum,
1364 931 1436 980 sil
1475 932 1603 995 quid
1639 933 1871 980 testandi
1913 932 2080 994 gratia

157 1025 437 1082 signarent,
476 1035 568 1082 per
606 1019 774 1067 iocinn
814 1028 932 1080 nen,
960 1025 1020 1067 ut
1059 1028 1169 1068 mes
1211 1025 1335 1081 erat,
1377 1019 1738 1068 ‘consulibus2
1775 1020 1992 1069 Caesare
2030 1026 2081 1067 et

157 1108 372 1156 Bibule⁷
399 1106 604 1156 actum3
627 1108 927 1169 scriberent,
958 1108 1048 1156 sed
1074 1108 1243 1156 ‘Iulie
1270 1112 1321 1155 et
1348 1108 1598 1169 Caesare,⁷
1625 1116 1786 1155 smum
1816 1107 2080 1156 censulem

156 1196 363 1244 nemine
389 1201 440 1243 et
465 1195 768 1257 cegnemine
795 1204 888 1258 pre
916 1196 1115 1244 duobus
1144 1196 1481 1259 appellantes.
1552 1178 1555 1181 .

162 1294 181 1324 s
223 1285 454 1332 Functus
470 1283 487 1309 4
511 1283 785 1332 consulatu
812 1284 1001 1332 Caesar
1026 1283 1254 1332 Galliam
1282 1284 1604 1346 provinciam
1630 1284 1841 1347 accepit.
1905 1283 2083 1332 Gessit

156 1377 329 1421 autem
355 1372 571 1420 novem⁵
597 1380 762 1432 annis,
790 1372 977 1434 quibus
995 1371 1012 1397 ⁵
1036 1372 1091 1419 in
1117 1371 1338 1434 imperie
1371 1372 1490 1432 fuit,
1518 1372 1645 1420 haec
1680 1373 1813 1420 fere:
1855 1372 2082 1420 Galliam

156 1460 212 1507 in
260 1460 556 1522 previnciae
605 1460 828 1508 ferinam
879 1460 1107 1521 redegit3
1162 1460 1463 1520 Germanes,
1509 1468 1599 1522 qui
1646 1465 1790 1508 trans
1839 1459 2081 1506 Rhenum

156 1548 404 1608 incolunt,
432 1556 630 1610 primus
657 1548 1010 1595 Romanorum
1047 1553 1204 1610 ponte
1239 1547 1494 1595 fabricate
1532 1563 1803 1609 aggressus
1841 1547 2082 1595 maximis

158 1635 355 1684 adfecit
379 1635 627 1684 cladibus.

157 1722 362 1786 tisque⁶
385 1724 630 1786 pecunias
657 1728 708 1771 et
740 1723 945 1772 obsides
980 1723 1271 1786 imperavit.

703 1636 997 1698 Aggressus
1024 1640 1103 1683 est
1131 1635 1427 1695 Britannos,
1456 1640 1659 1696 ignotes
1687 1639 1854 1695 antea,
1882 1642 2085 1697 supera-

1346 1722 1481 1770 Ηῑρ7
1518 1722 1665 1770 0111118
1700 1722 1867 1771 multa
1900 1723 2085 1770 Rema-

158 1819 341 1859 nerum
377 1811 605 1859 militum
643 1811 872 1872 insignia
907 1816 1200 1871 narrantur,
1236 1810 1382 1858 tum8
1416 1809 1583 1858 illud9
1619 1810 1879 1873 egregium
1917 1810 2082 1873 ipsius

159 1899 409 1960 Caesaris,
438 1899 591 1962 quod,
618 1904 838 1947 nutante
866 1899 920 1946 in
945 1899 1125 1960 fugam
1152 1899 1398 1959 exercitu,
1420 1903 1571 1961 rapte
1596 1898 1849 1959 fugientis
1877 1906 1902 1945 e
1927 1906 2084 1945 manu

1789 1977 1937 2033 idem
1981 1985 2084 2033 alie

158 2074 354 2136 proelio
379 2073 601 2137 legionis
624 2074 962 2137 aquiliferum
982 2074 1239 2122 ineundae
1260 2074 1415 2135 fugae
1435 2081 1591 2122 causa
1610 2073 1714 2121 iam
1729 2072 1761 2098 ¹⁰
1778 2088 2083 2121 conversum

159 1991 304 2034 sonte
341 1987 396 2033 in
432 1995 653 2050 primam
692 1986 919 2035 volitans
963 1986 1125 2034 aciem
1169 1986 1425 2049 proelium
1469 1986 1717 2035 restituit.

159 2161 396 2210 faucibus
423 2162 851 2225 comprehensum
870 2160 901 2187 ¹¹
928 2162 984 2209 in
1010 2161 1323 2210 contrariam
1349 2166 1551 2224 partem
1579 2161 1809 2209 detraxit
1829 2161 2084 2209 dextram-

224 2358 239 2385 1
267 2359 334 2396 si.
359 2388 366 2395 .
391 2388 398 2396 .
420 2359 673 2408 signarent:
729 2371 783 2397 an
828 2360 1020 2398 instance
1053 2361 1098 2397 of

159 2417 231 2453 the
262 2417 460 2454 iterative
497 2417 768 2465 subjunctive
802 2418 859 2464 (p.
891 2420 952 2463 45,
982 2430 1023 2454 n.
1052 2418 1092 2463 2)

1143 2364 1187 2396 to
1222 2370 1321 2408 say:
1366 2359 1461 2405 Hic,
1496 2370 1592 2396 cum
1615 2387 1622 2395 .
1645 2387 1652 2396 .
1676 2387 1683 2395 .
1706 2359 1955 2405 narrantur,
1994 2364 2083 2396 tum

1147 2416 1372 2454 Caesarem
1397 2417 1539 2462 ipsum
1566 2417 1785 2462 eqreyium
1807 2417 1962 2462 facisse
1988 2416 2085 2452 mir-

164 2489 201 2502 =
222 2474 231 2490 ⁴
246 2474 470 2511 whenever
489 2475 590 2521 they
609 2474 764 2511 affixed
784 2475 897 2512 their
922 2475 1032 2512 seals
1051 2486 1098 2512 as

159 2529 410 2567 witnesses.’
462 2530 479 2556 2
505 2529 765 2568 censulibus
795 2559 802 2567 .
836 2560 842 2567 .
876 2560 883 2567 .
916 2529 1094 2568 Bibule:

160 2586 228 2623 for
245 2587 330 2623 this
349 2598 444 2635 way
463 2588 508 2624 of
534 2588 685 2634 dating
704 2592 866 2632 events,
887 2600 955 2625 see
983 2589 1095 2632 XIV,

161 2644 195 2679 1.
244 2642 262 2668 3
288 2643 353 2681 Sc.
397 2654 497 2681 esse.
560 2644 576 2669 4
603 2643 787 2681 functus
829 2644 1034 2691 (funyor)
1057 2661 1094 2674 =

157 2700 576 2746 postquwnfz‘cnctus
591 2705 665 2737 est.
715 2700 732 2726 5
750 2701 811 2738 Cf.
830 2713 870 2748 p.
891 2702 994 2746 xvii,
1011 2701 1042 2738 C
1060 2703 1096 2737 2.

161 2755 178 2781 6
204 2755 269 2793 Sc.
291 2759 364 2798 eis,
385 2767 432 2794 as
450 2757 539 2793 dat.
559 2758 603 2794 of
629 2758 810 2794 indirect
836 2758 976 2806 object
994 2758 1099 2795 with

161 2808 418 2857 imperavit.
471 2812 666 2850 Caesar's
708 2814 951 2860 operations
987 2825 1099 2851 were

161 2866 354 2904 confined
399 2871 443 2905 to
486 2870 558 2905 the
603 2870 806 2905 southern
844 2870 1012 2916 portion
1055 2870 1100 2906 of
1122 2908 1123 2918 η

163 2922 295 2961 Great
346 2925 526 2961 Britain.
581 2924 595 2951 ⁷
618 2942 654 2954 =
674 2926 760 2962 Ηὸο
805 2930 1000 2972 tempore,
1034 2922 1123 2963 i.e.'

163 2979 317 3027 during
335 2981 420 3018 this
437 2982 676 3028 campaign.
722 2982 808 3018 The
828 2983 1037 3030 language
1057 2983 1101 3019 of

163 3035 250 3073 this
272 3037 408 3074 whole
435 3041 632 3074 sentence
657 3038 693 3075 is
718 3039 950 3075 somewhat
973 3039 1100 3075 loose.

163 3091 251 3130 The
277 3093 422 3130 writer
447 3093 596 3141 begins
621 3105 668 3131 as
695 3094 730 3131 if
755 3095 807 3132 he
833 3106 942 3132 were
974 3095 1101 3142 going

1143 2478 1259 2518 rant,
1287 2474 1364 2510 but
1395 2474 1580 2520 changes
1611 2474 1682 2509 the
1717 2473 2005 2509 construction
2038 2477 2081 2509 at

1142 2531 1254 2567 tum.
1309 2530 1324 2555 8
1350 2538 1451 2566 cum
1474 2558 1480 2565 .
1507 2557 1514 2565 .
1539 2557 1547 2566 .
1568 2531 1688 2566 tum:
1722 2529 1778 2566 cf.
1811 2541 1851 2576 p.
1878 2531 1937 2574 67,
1972 2541 2012 2565 n.
2045 2531 2080 2565 7.

1143 2587 1160 2612 9
1184 2585 1300 2623 illud
1327 2587 1362 2623 is
1389 2587 1615 2632 explained
1643 2587 1698 2632 by
1717 2587 1788 2622 the
1807 2586 1948 2623 clause
1967 2584 2084 2632 quod

1147 2672 1153 2679 .
1179 2671 1186 2679 .
1212 2672 1218 2678 .
1240 2641 1459 2680 restituit.
1514 2643 1600 2680 The
1628 2643 1796 2689 episode
1821 2643 2020 2679 occurred
2041 2642 2083 2677 in

1143 2711 1222 2737 one
1250 2700 1296 2736 of
1322 2700 1516 2736 Caesar’s
1544 2700 1679 2736 Gallie
1708 2699 1967 2746 campaigns,
1994 2703 2081 2743 not,

1144 2768 1196 2794 as.
1209 2757 1307 2793 here
1327 2756 1480 2799 stated,
1499 2756 1542 2792 in
1562 2756 1743 2793 Britain.
1799 2756 1836 2791 It
1860 2756 1895 2792 is
1922 2755 2083 2792 related

1144 2813 1187 2849 in
1214 2814 1286 2849 the
1313 2813 1465 2850 second
1499 2813 1612 2849 book
1641 2814 1686 2849 of
1717 2812 1912 2849 Caesar’s
1948 2811 2085 2849 Gallie

1154 2870 1264 2906 chr.
1318 2870 1382 2906 Cf.
1404 2870 1494 2906 also
1521 2870 1822 2916 Longfellow’s
1859 2869 2083 2914 Courtship

1145 2926 1328 2971 Qf'Mt'les
1360 2926 1581 2969 Semnum,
1612 2926 1662 2961 II.
1719 2925 1751 2950 1⁰
1777 2923 1868 2962 iam
1903 2933 2085 2962 conver-

1145 2991 1244 3019 sum
1261 2999 1297 3011 =
1317 2986 1390 3029 qui
1409 2984 1496 3019 iam
1515 2993 1739 3018 com-ersus
1755 2985 1858 3017 erat.
1913 2981 1946 3006 11
1972 2989 2086 3018 eom-

1144 3037 1415 3085 prehensum
1432 3067 1439 3075 .
1457 3067 1464 3075 .
1484 3067 1490 3074 .
1508 3036 1710 3075 detraxit
1722 3054 1757 3066 =
1771 3037 2085 3084 comprehendit

1122 3134 1124 3138 ,
1146 3100 1183 3131 et
1207 3123 1213 3130 .
1239 3123 1245 3130 .
1271 3123 1277 3130 .
1300 3095 1496 3131 de'trciaeit.

2117 594 2166 629 (30

2120 1033 2168 1069 65

2123 1470 2171 1506 70

2124 1911 2170 1946 75
