2231 3425
113 173 183 205 xx
574 131 982 200 SUGGESTIONS
1023 157 1098 198 To
1140 159 1261 198 THE
1305 158 1580 199 STUDENT

231 302 423 345 fulsere
454 301 613 358 gladii,
647 301 729 354 IV,
766 301 844 353 133
886 301 930 343 Is
962 307 1243 354 postquam
1281 304 1531 354 adolevit,
1565 301 1747 355 V11‚7;
1781 302 1875 355 Qui
1904 309 2044 357 post-

232 393 388 434 quam
424 380 694 437 frequentes
733 385 1044 432 convenere,
1078 380 1215 432 XIII,
1251 381 1318 423 52.

180 496 224 543 2.
274 503 406 543 Dum
433 495 632 561 (While)
660 495 790 543 With
814 494 904 543 the
930 495 1214 543 indicative
1243 494 1354 559 (the
1378 500 1526 544 tense
1556 495 1833 560 employed
1856 496 1901 546 is
1927 512 2043 558 gen-

115 583 276 647 erally
304 583 394 631 the
420 584 652 649 present)
674 602 682 631 :

116 689 186 732 Ea
222 696 293 733 res
331 693 454 732 dum
496 690 760 733 Numitoris
799 690 1013 733 animum
1051 690 1245 733 anxium
1278 696 1438 743 tenet,
1473 690 1508 743 I,
1544 691 1623 744 363
1668 693 1793 733 dum
1831 690 2042 735 Albanus

231 770 463 813 exercitus
499 773 752 813 inclamat
795 770 1029 822 Osiriirtiis,
1070 770 1151 822 IV,
1195 771 1277 825 ‘233
1324 771 1521 813 Latinus
1565 774 1687 813 dum
1729 771 1788 814 ad
1831 771 2040 814 Tiberim

232 853 520 902 descendit,
555 850 766 893 sacerdos
798 849 968 892 bovem
1001 850 1278 902 immolavit,
1312 850 1424 901 VII,
1461 850 1528 893 34.

181 966 225 1013 3.
275 973 420 1026 Dum,
448 973 614 1013 donec
644 964 825 1031 (until)
854 965 985 1013 with
1009 965 1099 1012 the
1127 965 1488 1029 subjunctive:

114 1075 239 1115 dum
272 1077 668 1116 convalesceret
695 1073 921 1130 (indirect
945 1073 1179 1116 discourse
1203 1074 1342 1131 also),
1363 1074 1471 1125 VII,
1499 1074 1576 1127 173
1611 1078 1665 1117 ut
1687 1077 1873 1132 tempus
1895 1078 2043 1118 extre-

230 1152 374 1205 heret,
408 1156 577 1196 donec
610 1167 758 1196 novae
790 1153 950 1209 copiae
983 1167 1041 1196 ex
1075 1153 1237 1196 Africa
1268 1157 1589 1205 advenirent,
1619 1154 1776 1207 XVII,
1800 1155 1825 1196 3
1864 1154 2043 1212 (partly

230 1234 470 1290 purpose).

180 1350 224 1394 4.
275 1357 565 1407 Antequam
590 1349 692 1396 and
717 1356 1008 1407 priusquam
1032 1348 1163 1396 With
1188 1348 1277 1396 the
1305 1349 1662 1412 subjunctive:

120 1456 334 1499 Alterum
367 1488 376 1497 .
412 1488 420 1497 .
454 1459 757 1510 priusquam
780 1456 946 1499 tertius
979 1462 1164 1510 posset
1197 1462 1431 1511 consequi,
1458 1455 1709 1509 interfecit,
1728 1456 1812 1509 IV,
1836 1456 1916 1510 243
1949 1460 2044 1510 pri-

231 1549 453 1589 usquam
475 1542 540 1578 eis
562 1535 738 1578 bellum
762 1539 1034 1587 indiceret,
1060 1537 1265 1592 legatum
1289 1536 1419 1578 misit
1443 1542 1522 1592 qui
1545 1542 1619 1579 res
1641 1539 1883 1592 repeteret,
1905 1535 1965 1587 V,
1991 1536 2041 1587 73

230 1615 370 1672 petiit
403 1648 412 1657 .
447 1648 455 1656 .
490 1615 681 1672 nequid
715 1648 723 1657 .
760 1648 768 1657 .
802 1619 1065 1659 statuerent
1081 1622 1359 1668 antequam
1378 1615 1475 1672 ipse
1492 1620 1817 1669 inspexisset
1834 1615 2044 1659 Macedo-

232 1710 347 1738 num
381 1727 389 1736 .
425 1728 433 1736 .
467 1710 669 1747 causam,
695 1695 830 1748 XIII,
856 1696 910 1738 83
937 1695 1163 1752 (indirect
1186 1695 1462 1753 discourse).

183 1812 226 1859 5.
278 1817 403 1858 Cum
427 1811 558 1859 With
583 1811 672 1859 the
698 1810 972 1874 imperfect
998 1827 1054 1858 or
1078 1810 1372 1874 pluperfect
1401 1810 1758 1875 subjunctive:

117 1932 236 1962 cum
261 1918 317 1961 iis
337 1921 576 1961 insidiati
599 1925 777 1961 essent
798 1919 1017 1973 latrones,
1036 1918 1073 1973 I,
1097 1920 1178 1972 ‘223
1213 1932 1331 1961 cum
1356 1919 1578 1962 Numitor
1612 1951 1620 1960 .
1659 1952 1667 1960 .
1703 1922 2041 1972 compararet,

238 1999 375 2050 1‚30;
411 2012 528 2040 cum
562 1999 660 2056 (as)
701 1998 876 2041 Romae
910 2002 1407 2052 appropinquarent,
1434 1998 1495 2051 II,
1522 1999 1600 2052 153
1633 2013 1736 2041 cum
1766 1997 1952 2055 (while)
1989 2029 1998 2040 .
2034 2030 2042 2039 .

234 2078 499 2121 contionem
533 2110 542 2119 .
577 2110 586 2120 .
619 2080 850 2130 haberet,
885 2078 947 2133 II,
980 2078 1059 2131 443
1114 2078 1208 2130 Qui
1251 2092 1370 2120 cum
1395 2078 1594 2120 Romam
1616 2080 1863 2128 venisset,
1890 2075 1976 2128 ΙΠ,
1998 2076 2042 2118 2.

236 2156 352 2201 This
374 2157 498 2201 form
521 2157 570 2201 of
592 2158 821 2214 temporal
844 2158 997 2200 clause
1021 2157 1060 2200 is
1083 2157 1341 2214 extremely
1363 2170 1595 2200 common.

719 2369 779 2410 H.
833 2368 1088 2412 CAUSAL
1132 2367 1451 2412 CLAUSES1

188 2494 230 2542 1.
282 2494 524 2542 Relative
550 2494 723 2542 clause
749 2493 878 2540 with
904 2492 993 2541 the
1017 2494 1375 2558 subjunctive:

121 2602 290 2652 quippe
324 2598 416 2647 qui
447 2600 683 2637 cerneret
714 2593 894 2637 ferrum
928 2598 1036 2637 ante
1070 2595 1226 2638 oculos
1261 2595 1448 2645 micans,
1474 2593 1814 2637 accusationem
1845 2590 2043 2641 dimisit,

240 2674 376 2726 XIII,
420 2675 470 2727 ὃς
517 2688 623 2716 cum
667 2673 716 2715 in
758 2688 859 2716 eam
904 2674 1143 2716 civitatem
1182 2674 1551 2716 animadvertere
1591 2671 1871 2716 decrevisset
1913 2683 2044 2724 quae

245 2755 317 2811 (z
341 2768 445 2796 cum
469 2754 548 2811 ea)
573 2752 665 2796 sibi
687 2756 967 2796 adversata
987 2756 1188 2804 fuisset,
1213 2750 1422 2802 XXVII,
1447 2751 1518 2793 37.

190 2869 234 2916 2.
286 2876 410 2916 Cum
434 2867 563 2916 with
587 2867 677 2916 the
705 2866 1061 2931 subjunctive:

127 2969 254 3010 Cum
285 2974 392 3013 vero
424 2974 592 3013 uxores
627 3000 636 3009 .
671 3000 680 3009 .
714 2973 809 3010 non
841 2970 1106 3019 haberent,
1140 2968 1315 3024 legatos
1348 2967 1469 3010 circa,
1500 2973 1675 3010 vicinas
1708 2969 1870 3023 gentes
1903 2962 2045 3016 misit,

686 3112 702 3141 1
727 3113 792 3152 Cf.
814 3113 904 3153 also
923 3114 1122 3153 Ablative
1142 3114 1359 3157 Absolute,
1383 3113 1426 3151 K
1438 3115 1474 3150 4.
