2231 3425
181 177 243 224 62
646 174 828 215 URBIs
876 163 1090 213 RoMAE
1132 162 1269 211 VIR'I'
1305 164 1638 214 INLUSTRES

184 308 468 368 Kfricanus
511 316 803 382 prolatum¹
846 316 909 365 ab
952 324 1011 365 eo
1057 315 1264 376 librum,
1305 314 1439 378 quo²
1485 320 1725 379 acceptae
1762 321 1813 365 et
1850 326 2105 381 expensae

187 421 414 455 summae
454 405 851 454 continebantur
891 408 943 451 et
982 403 1156 451 refelli
1199 402 1527 450 inimicorum
1577 404 1838 452 accusatio
1885 410 2103 467 poterat,

186 493 476 557 discerpsit,
515 491 854 554 indignatus3
888 491 952 538 de
989 498 1049 538 ea
1084 498 1138 537 re
1175 489 1418 550 dubitari,
1458 506 1588 552 quae
1632 491 1726 538 sub
1776 491 1889 553 ipso
1936 492 2106 553 legato

98 590 168 624 255
186 576 552 629 administrata
588 584 738 628 esset.
832 579 968 635 Quin
1005 577 1161 625 etiam
1199 576 1369 624 hunc4
1405 577 1459 623 in
1500 577 1709 624 modum
1751 579 1909 626 verba
1949 579 2102 627 fecit:

187 668 382 716 “N6n5
412 673 506 728 est,
535 667 673 730 quod
712 665 993 729 quaeratis,
1021 669 1196 727 patres
1229 668 1523 726 conscripti,
1550 681 1674 711 num
1712 681 1924 727 parvam
1962 674 2107 728 pecu—

186 756 324 804 niam
354 755 409 803 in
442 754 698 803 aerarium
730 752 1037 812 rettulerim,
1066 759 1156 814 qui
1194 756 1347 798 antea
1383 751 1517 798 illud
1551 751 1750 799 Punico
1787 760 1910 800 auro
1947 753 2107 816 reple-

185 843 363 905 verim,
406 858 575 905 neque
622 856 737 889 mea
785 839 1083 888 innocentia
1130 843 1304 902 potest
1353 838 1407 885 in
1455 839 1669 887 dubium
1717 847 1902 887 vocari.
1976 841 2106 889 Cum

187 922 418 979 Xfricam
455 935 618 979 totam
657 933 908 992 potestati
945 932 1149 976 vestrae
1188 926 1509 987 subiecerim,
1535 926 1670 973 nihil
1708 942 1771 974 ex
1808 935 1868 975 ea
1903 932 2107 990 praeter

97 1030 168 1065 260
185 1027 467 1081 cognomen
508 1017 703 1066 rettuli.
777 1018 899 1064 Non
941 1015 1102 1076 igitur
1140 1023 1221 1062 me
1259 1014 1502 1075 Punicae,
1537 1023 1641 1063 non
1679 1015 1897 1062 fratrem
1935 1031 2106 1063 meum

185 1107 449 1155 Asiaticae
488 1121 640 1167 gazae
679 1112 893 1152 avarum
931 1103 1299 1163 reddiderunt,
1358 1103 1447 1150 sed
1484 1106 1700 1165 uterque
1737 1102 2002 1151 nostrum6
2036 1103 2108 1150 in-

184 1195 327 1243 vidia
374 1210 528 1258 quam
570 1192 791 1256 pecunia
833 1196 913 1240 est
954 1190 1310 1254 locupletior.⁷⁷
1383 1192 1512 1238 Tam
1560 1194 1886 1239 constantem
1935 1190 2108 1239 defen-

185 1284 382 1331 sionem
421 1281 680 1345 Scipionis
719 1280 994 1328 universus
1035 1283 1244 1327 senatus
1283 1278 1650 1341 comprobavit.

251 1371 450 1419 Deinde
496 1369 728 1432 Scipioni
771 1358 1023 1415 {africano
1066 1367 1166 1414 duo
1208 1366 1409 1414 tribuni
1455 1366 1622 1429 plebis
1666 1367 1803 1414 diem
1846 1367 2106 1430 dixerunt,

97 1468 167 1504 265
185 1460 322 1523 quod
346 1458 540 1522 praeda
564 1473 628 1505 ex
653 1455 917 1504 Antiocho
944 1460 1096 1519 capta
1122 1455 1377 1502 aerarium
1404 1455 1713 1503 fraudasset.
1789 1455 1897 1504 Ubi
1922 1471 2106 1504 causae

185 1547 431 1595 dicendae
459 1545 570 1594 dies
596 1544 759 1606 venit,
789 1543 963 1606 Scipio
993 1550 1182 1604 magna
1211 1542 1481 1589 hominum
1512 1542 1813 1605 frequentia
1837 1543 1891 1590 in
1915 1544 2106 1591 Forum

185 1640 263 1683 est
289 1634 554 1682 deductus.
648 1634 829 1680 Iussus
856 1647 1064 1680 causam
1091 1630 1260 1678 dicere
1287 1634 1459 1678 rostra
1484 1630 1784 1679 conscendit
1809 1635 1875 1692 et,
1891 1630 2108 1679 corona⁷

735 1718 1042 1783 triumphali
1068 1718 1229 1781 capiti
1255 1726 1347 1766 suo
1377 1717 1639 1780 imposita,
1669 1722 1697 1746 “
1714 1719 1829 1766 Hoc
1855 1734 1947 1780 ego
1973 1718 2056 1766 die
2077 1719 2105 1742 ⁷’

738 1807 907 1870 inquit
947 1805 1349 1854 “Hannibalem
1389 1807 1636 1866 Poenum,
1676 1805 1893 1869 imperio
1930 1811 2107 1855 nostro

737 1894 1171 1955 inimicissimum,
1216 1901 1402 1956 magno
1453 1893 1649 1956 proelio
1697 1902 1801 1941 vici
1857 1894 1913 1940 in
1970 1898 2107 1942 terra

740 1973 920 2031 africa
943 1991 1223 2046 pacemque
1259 1982 1408 2030 nobis
1446 1986 1498 2029 et
1522 1981 1792 2030 Victoriam
1829 1989 2007 2045 peperi
2035 1990 2107 2028 in-

737 2070 1062 2134 sperabilem.
1137 2068 1252 2117 Ne8
1290 2069 1451 2132 igitur
1490 2077 1649 2118 simus
1695 2070 1942 2118 adversus
1985 2069 2105 2117 deos

737 2159 943 2220 ingrati,
973 2159 1063 2207 sed
1089 2166 1273 2207 censeo
1299 2156 1686 2220 relinquamus⁹
1709 2157 1991 2205 nebulones
2011 2156 2105 2205 hos

184 2233 700 2261 CORONATRIUMPHALIS
735 2255 1014 2309 eamusque
1056 2261 1194 2293 nunc
1235 2245 1474 2308 protinus
1522 2245 1579 2292 in
1627 2245 1943 2308 Capitolium
1991 2245 2107 2292 Iovi

95 2347 167 2383 275
183 2335 379 2397 optimo
406 2334 634 2382 maximo
656 2334 1057 2397 supplicatum.'⁷
1130 2323 1178 2380 Ᾰ
1206 2338 1389 2381 rostris
1416 2336 1470 2379 in
1501 2332 1817 2395 Capitolium
1843 2332 2103 2393 aseendit,

120 2447 123 2451 ·
184 2422 337 2470 simul
364 2430 418 2470 se
443 2422 688 2470 universa
713 2422 886 2469 contio
914 2422 977 2469 ab
1004 2420 1389 2469 accusatoribus
1425 2420 1615 2468 avertit
1649 2424 1700 2467 et
1734 2424 1911 2468 secuta
1949 2420 2106 2483 Scipi-

249 2620 263 2645 1
288 2619 520 2666 prolatum
538 2637 574 2649 =
594 2623 669 2666 qui
689 2620 882 2667 promtus
911 2624 1028 2666 eram
1065 2620 1120 2657 cf.
1170 2619 1313 2657 ‘there
1340 2618 1376 2656 is
1403 2621 1478 2655 not
1511 2617 1758 2665 (anything)
1791 2629 1837 2655 as
1865 2622 1908 2655 to
1935 2617 2103 2663 which‚'

182 2689 220 2724 p.
251 2678 367 2722 xxiv,
400 2677 433 2712 L
467 2678 501 2713 1.
555 2675 676 2723 2qu5
712 2677 748 2713 is
780 2677 864 2714 abl.
897 2677 943 2713 of
976 2687 1123 2713 means
1168 2680 1247 2713 etc.
1301 2676 1384 2712 For
1403 2677 1474 2712 the
1493 2675 1778 2723 subjunctive,
1802 2685 1869 2711 see
1890 2673 1990 2719 503,
2012 2675 2102 2719 LN.

189 2734 367 2780 (though
388 2733 592 2770 rendered
614 2734 677 2769 ‘in
699 2734 835 2770 which
853 2733 881 2777 ’)
901 2734 1004 2769 both
1020 2733 1122 2769 with
1167 2734 1210 2769 2:
1241 2734 1326 2776 320,
1349 2744 1395 2769 cc:
1426 2737 1510 2776 631,
1537 2733 1574 2767 2.
1645 2732 1661 2757 6
1689 2736 1897 2775 nostrum,
1925 2731 2012 2767 like
2043 2742 2106 2767 ve-

183 2788 529 2827 continebantur
585 2790 668 2826 and
720 2788 872 2826 refelli
925 2791 1120 2835 poterat.
1168 2793 1318 2833 strum,
1340 2789 1376 2825 is
1395 2789 1609 2835 regularly
1630 2789 1731 2825 used
1750 2788 1851 2834 only
1869 2798 1915 2824 as
1935 2799 1959 2824 a
1978 2787 2106 2834 parti-

183 2846 199 2871 3
224 2845 485 2894 indignatus
508 2874 516 2883 .
541 2874 548 2882 .
573 2874 580 2882 .
602 2844 823 2883 dubitari:
869 2847 1029 2893 ‘angry
1056 2847 1125 2883 be—
1169 2846 1255 2883 tive
1274 2857 1369 2891 gen.
1423 2845 1438 2871 7
1465 2857 1489 2882 a
1508 2856 1648 2881 crown
1672 2846 1717 2880 of
1743 2845 1891 2888 laurel,
1913 2856 2030 2880 worn
2049 2845 2106 2891 by

183 2914 308 2940 cause
350 2903 507 2939 doubts
550 2914 660 2940 were
705 2902 875 2939 raised.’
929 2903 1011 2939 For
1052 2903 1123 2939 the
1169 2904 1239 2939 the
1271 2902 1442 2947 general
1475 2906 1519 2938 at
1552 2902 1616 2938 his
1647 2902 1850 2947 triumph.
1905 2901 1920 2926 8
1946 2900 2009 2938 Νδ
2031 2929 2038 2936 .
2063 2929 2070 2936 .
2092 2928 2102 2937 .

183 2960 303 2996 infin.
325 2958 539 3003 dubitari,
561 2971 627 2997 see
648 2971 686 3006 p.
710 2961 769 3004 19,
790 2970 831 2996 n.
851 2961 887 2995 6.
940 2958 957 2984 4
985 2959 1059 2996 See
1081 2971 1121 3006 p.
1168 2959 1329 2995 simus:
1359 2959 1414 2995 ef.
1436 2970 1474 3004 p.
1496 2959 1556 3003 31,
1578 2970 1617 2993 n.
1639 2961 1675 2993 ε).
1728 2957 1744 2983 9
1775 2956 1859 3003 (ut)
1883 2955 2105 3003 relinqua-

183 3018 240 3061 16,
272 3028 312 3053 n.
341 3018 377 3053 9.
430 3015 572 3053 verba
591 3014 719 3053 fecit:
753 3017 828 3053 ‘he
856 3015 1070 3053 delivered
1098 3026 1123 3052 a
1167 3024 1267 3052 mus
1292 3043 1298 3050 .
1323 3043 1330 3051 .
1356 3043 1363 3050 .
1386 3017 1540 3052 eamus
1569 3015 1604 3051 is
1624 3026 1648 3051 a
1668 3014 1936 3051 substantive
1963 3014 2105 3051 clause

183 3067 359 3120 speech)
412 3072 429 3098 5
454 3071 551 3110 Non
579 3101 585 3108 .
617 3100 624 3107 .
657 3100 664 3108 .
693 3070 947 3119 quaeratis:
979 3072 1122 3109 ‘there
1168 3073 1213 3108 of
1240 3082 1434 3119 purpose.
1488 3071 1570 3107 For
1590 3072 1660 3107 the
1680 3071 1880 3107 omission
1899 3070 1945 3107 of
1971 3073 2019 3107 ut
2037 3080 2105 3108 see

185 3130 221 3167 is
239 3141 293 3167 no
314 3140 464 3169 reason
482 3130 581 3179 why
599 3140 685 3178 you
707 3128 858 3167 should
884 3129 963 3168 ask
978 3129 1010 3175 '3
1040 3129 1121 3175 lit„
1167 3127 1270 3175 499,
1290 3130 1332 3166 2:
1362 3128 1500 3174 33l,s‚
1522 3137 1565 3164 R.
1583 3139 1590 3164 ε
1617 3132 1702 3171 546,
1723 3137 1766 3163 R.
1786 3128 1823 3165 2.
