2231 3425
99 406 148 442 80

98 840 145 876 85

97 1279 146 1315 90

97 1713 145 1750 95

183 164 249 216 90
653 170 832 210 URBIS
873 169 1087 210 ROMAE
1130 170 1263 209 vim
1304 160 1635 211 INLUSTRES

187 324 285 372 que
311 310 378 358 ad
401 310 604 359 hostem
632 312 853 361 tendens
882 312 1183 369 “Quorsum
1207 317 1267 360 tu
1282 313 1310 337 ⁷⁷
1338 312 1512 375 inquit
1540 313 1695 361 “abis
1715 316 1740 362 ‘?
1813 314 1933 363 Illic
1967 321 2103 378 sunt,

186 412 302 444 cum
341 397 528 460 quibus
567 399 922 448 dimicamus.”
995 400 1107 456 Qua
1154 399 1518 447 adhortatione
1566 401 1796 448 omnium
1844 402 2105 463 legionum

185 484 589 547 trepidatienem
627 487 851 535 correxit
888 487 1131 549 vincique
1169 492 1378 549 paratas
1417 487 1623 535 Vincere
1661 489 1848 537 docuit.

253 572 541 621 Interfecto
568 573 767 621 interea
792 575 931 637 apud
956 574 1180 622 Parthos
1216 575 1403 623 Crasso
1437 579 1489 622 et
1523 575 1772 624 defuncta
1808 576 1961 638 Iulia,
1989 578 2107 627 Cae-

187 659 316 708 saris
337 660 469 721 filia,
491 676 636 723 quae,
660 666 824 723 nupta
843 661 1105 724 Pompeio,
1127 669 1303 721 generi
1324 669 1588 724 socerique
1614 663 1939 711 concordiam
2013 698 2100 736 B.0.

185 746 429 807 tenebat,l
472 748 650 795 statim
689 748 970 796 aemulatio
1013 748 1198 811 erupit.
1290 749 1402 796 Iam
1447 749 1648 811 pridem
1690 750 1939 813 Pompeio
2041 754 2101 792 53.

187 834 487 896 suspectae2
528 835 764 884 Caesaris
800 843 922 898 opes
957 841 1009 883 et
1046 836 1256 885 Caesari
1292 837 1614 898 Pompeiana
1650 837 1879 899 dignitas
1917 837 2103 899 gravis,

185 936 278 968 nec
336 921 454 968 hic3
501 922 703 970 ferebat
761 938 952 985 parem,
1002 937 1096 970 nec
1149 922 1272 971 11163
1331 924 1659 986 superiorem.
1750 926 1937 987 Itaque
1989 940 2105 972 cum

187 1008 376 1056 Caesar
412 1008 467 1055 in
505 1009 679 1057 Gallia
716 1010 1052 1070 detineretur,
1080 1014 1145 1071 et,
1177 1018 1243 1058 ne
1280 1010 1588 1073 imperfecto
1625 1011 1762 1060 bello
1800 1012 2104 1073 discederet,

185 1095 501 1157 pestulasset
541 1101 599 1143 ut
631 1096 729 1144 sibi
769 1096 963 1157 liceret,
992 1105 1231 1160 quamvis
1263 1098 1501 1158 absenti,4
1526 1098 1746 1146 alterum
1779 1099 2100 1148 consulatum

185 1186 374 1245 petere,
402 1190 432 1230 a
457 1188 654 1241 senatu,
683 1182 1023 1233 suadentibus
1049 1185 1298 1248 Pompeio
1325 1185 1538 1248 eiusque
1565 1194 1760 1245 amicis,
1787 1190 2031 1247 negatum
2059 1194 2106 1234 ei

186 1274 276 1316 est.
350 1270 502 1318 Hanc
540 1270 784 1319 iniuriam
816 1276 1080 1334 acceptam
1109 1272 1501 1322 vindicaturus⁵
1524 1273 1580 1320 in
1612 1264 1823 1320 ltaliam
1862 1273 2018 1321 rediit
2053 1277 2105 1322 et

186 1356 518 1405 bellandum6
566 1363 709 1406 ratus
758 1374 872 1406 cum
921 1359 1154 1407 exercitu
1200 1360 1522 1409 Rubicenem
1569 1360 1779 1421 flumen,
1818 1359 1938 1422 qui⁷
2013 1381 2099 1420 Ro·

2039 1437 2102 1475 49.

184 1444 481 1506 provinciae
508 1445 618 1494 eius
646 1446 772 1493 finis
800 1451 925 1506 erat,
952 1447 1177 1495 transiit.
1252 1449 1368 1496 Hoc
1401 1449 1467 1496 ad
1498 1447 1691 1495 fiumen
1725 1447 1938 1510 paulum

185 1531 483 1580 constitisse
520 1533 688 1579 fertur
724 1541 782 1580 ac
819 1538 1067 1596 reputans
1115 1540 1368 1597 quantum
1405 1535 1691 1596 moliretur,
1726 1550 2002 1584 conversus
2040 1536 2105 1582 ad

185 1618 461 1680 proximes,
476 1624 503 1647 “
518 1619 833 1668 Etiamnunc
853 1622 879 1644 ⁷⁷
907 1621 1081 1684 inquit
1109 1627 1138 1650 “
1155 1623 1357 1683 regredi
1377 1639 1649 1686 possumus
1669 1642 1679 1684 ;
1717 1623 1856 1686 quod
1876 1630 1920 1671 si
1939 1623 2107 1685 ponti-

185 1706 358 1753 culum
382 1707 756 1767 transierimus,
779 1708 953 1756 omnia
977 1717 1134 1758 armis
1160 1711 1359 1770 agenda
1383 1711 1582 1758 erunt.⁷⁷
1641 1711 1911 1758 Postremo
1931 1715 2103 1758 autem

188 1797 217 1821 “
233 1793 380 1840 Iacta
404 1793 518 1841 alea
542 1787 652 1842 esto
670 1796 678 1842 1
697 1795 724 1818 ⁷⁷
752 1795 1047 1844 exclamans
1075 1797 1359 1845 exercitum
1385 1797 1538 1845 traici
1571 1797 1725 1846 iussit
1760 1797 2103 1860 plurimisque

184 1880 397 1928 urbibus
424 1886 688 1944 occupatis
715 1883 1053 1932 Brundisium
1087 1885 1369 1945 contendit,
1396 1893 1497 1948 quo
1534 1884 1814 1948 Pompeius
1850 1884 2106 1934 consules-

185 1983 284 2030 que
311 1969 667 2029 cenfugerant.

122 2066 197 2104 ,¹³⁵
251 2057 351 2113 Qui
392 2072 507 2104 cum
548 2057 668 2104 inde
712 2057 767 2104 in
808 2049 1024 2121 Epirum
1071 2059 1414 2121 traiecissent,
1455 2061 1658 2120 Caesar,
1698 2068 1783 2109 ees
1827 2065 2032 2109 secutus
2074 2067 2106 2108 a

100 2148 168 2184 100
186 2144 480 2204 Brundisio,
507 2144 858 2207 Dyrrachium
896 2146 1032 2193 inter
1049 2145 1066 2171 s
1094 2147 1358 2209 oppositas
1385 2148 1575 2196 classes
1603 2147 1911 2209 gravissima
1934 2147 2104 2194 hieme

183 2231 504 2293 transmisit3
538 2232 838 2294 cepiisque9
857 2241 983 2296 quas
1012 2234 1258 2296 subsequi
1282 2235 1505 2283 iusserat
1531 2235 1727 2283 diutius
1766 2234 2102 2295 cessantibus,

184 2334 300 2365 cum
326 2318 393 2365 ad
424 2325 508 2367 eas
544 2320 876 2368 arcessendas
914 2321 1114 2369 frustra
1148 2322 1392 2383 misisset,
1420 2330 1581 2370 mirae
1619 2321 1862 2370 audaciae
1898 2321 2102 2370 facinus

250 2505 264 2532 1
293 2507 573 2553 ‘preserved'
625 2507 642 2532 2
661 2507 724 2544 Sc.
746 2513 868 2545 erant
884 2520 895 2549 ,·
925 2508 1015 2546 6150
1029 2514 1120 2546 ercet
1141 2512 1144 2517 ’

185 2574 232 2600 as
260 2564 331 2600 the
357 2565 459 2600 verb
487 2568 531 2600 to
555 2562 766 2610 dignitas.
819 2565 1017 2611 Thi-ough
1050 2568 1120 2603 the

185 2619 393 2656 influence
408 2621 452 2656 of
466 2618 557 2656 iam
571 2619 744 2665 pridem
758 2622 860 2656 both
874 2623 998 2658 verbs
1012 2623 1120 2659 have

1165 2510 1200 2546 E
1217 2511 1253 2547 5.
1308 2510 1324 2536 0
1349 2509 1610 2548 bellandum
1635 2512 1708 2558 (56.
1727 2510 1854 2557 esse):
1884 2521 1938 2547 an
1953 2510 2104 2557 imper-

1165 2567 1284 2603 sona]
1320 2569 1507 2614 passive:
1565 2569 1684 2605 ·that
1718 2579 1808 2605 war
1841 2578 1928 2604 was
1965 2577 2104 2604 116665-

1165 2623 1290 2670 sary!
1345 2623 1359 2649 7
1385 2624 1462 2670 qui
1483 2653 1489 2660 .
1515 2653 1521 2660 .
1547 2652 1553 2660 .
1576 2626 1695 2661 erat:
1744 2624 1829 2660 this
1863 2624 1977 2660 river
2012 2623 2103 2660 also

185 2677 256 2714 the
270 2677 383 2713 force
398 2677 443 2712 of
457 2677 634 2723 English
650 2677 929 2723 pluperfects:
957 2676 1059 2721 469,
1075 2680 1118 2715 2:

184 2735 268 2778 277,
302 2734 344 2770 b:
385 2737 470 2769 234.
522 2732 540 2758 3
568 2733 691 2769 Point
710 2737 783 2769 out
810 2735 881 2770 the
908 2735 1120 2771 chiusnius

191 2791 249 2836 (p.
281 2784 410 2834 21‚'n.
441 2788 504 2835 15)
536 2789 579 2825 in
606 2788 810 2826 Caesaris
834 2818 842 2826 .
865 2818 871 2825 .
897 2818 903 2825 .
925 2790 1121 2836 superie-

184 2855 293 2884 rem.
346 2845 362 2871 4
387 2847 475 2883 The
499 2846 580 2883 law
601 2846 795 2892 required
823 2847 917 2883 that
937 2858 961 2883 a
980 2848 1122 2884 candi-

185 2904 283 2940 date
299 2906 412 2939 must
426 2903 521 2949 give
537 2903 674 2939 notice
691 2904 735 2938 os
749 2903 815 2939 his
829 2904 1063 2950 candidacy
1078 2905 1120 2940 in

186 2970 334 3006 person
351 2964 396 2996 at
410 2960 540 2996 Rome
553 2959 702 2995 within
719 2964 943 2996 seventeen
960 2960 1065 3006 days
1078 2961 1122 2997 of
1169 2988 1177 2997 .

187 3017 257 3053 the
270 3017 461 3053 electiori.
504 3015 658 3051 Caesar
673 3015 839 3052 desii-ed
855 3019 898 3050 to
914 3017 1038 3052 stand
1056 3017 1121 3053 for

187 3073 258 3109 the
285 3071 527 3118 consulship
542 3072 585 3107 in
602 3073 650 3107 49
670 3080 755 3107 B.c.
808 3070 825 3096 5
852 3071 917 3108 Cf.
937 3083 977 3118 p.
999 3073 1119 3117 xviii,

1166 2680 1330 2717 formed
1374 2682 1446 2717 the
1490 2681 1713 2728 boundary
1756 2681 1948 2716 between
1990 2679 2104 2726 Italy

1165 2747 1316 2783 proper
1350 2737 1433 2774 and
1466 2737 1680 2784 Cisalpine
1712 2736 1844 2775 Gaul:
1885 2736 2016 2773 hence
2046 2736 2105 2783 by

1165 2794 1356 2840 crossiug
1374 2793 1407 2829 it
1423 2793 1579 2831 Caesar
1598 2798 1673 2840 put
1692 2793 1862 2830 himself
1889 2793 1932 2829 in
1952 2803 1977 2829 a
1995 2792 2105 2839 posi-

1167 2849 1256 2885 tion
1271 2851 1316 2885 of
1334 2861 1439 2897 open
1457 2851 1651 2898 hostility
1665 2854 1708 2886 to
1723 2850 1794 2887 the
1809 2852 2100 2897 government.

1167 2905 1182 2930 8
1197 2921 1233 2934 1:
1246 2916 1336 2951 μην,
1355 2909 1361 2922 ¹
1377 2908 1560 2948 throuqh
1576 2908 1647 2944 the
1663 2906 1793 2942 midst
1808 2907 1882 2943 of.’
1930 2906 1947 2932 9
1965 2903 2103 2952 (xc->piis

1213 2989 1220 2997 .
1257 2989 1264 2997 .
1298 2961 1599 2999 cessantibus:
1662 2962 1808 2999 causal
1858 2962 1942 2999 abl.
1987 2963 2099 2998 abs:

1167 3017 1177 3034 ‘
1191 3018 1327 3062 when,
1365 3020 1543 3056 because
1582 3019 1647 3055 his
1690 3019 1828 3056 forces
1850 3045 1857 3054 .
1880 3045 1890 3055 .
1910 3045 1918 3055 .
1940 3016 2101 3055 tarried

1165 3077 1236 3110 too
1254 3074 1367 3121 long,
1387 3075 1439 3113 he
1457 3075 1540 3112 had
1560 3075 1683 3120 sent,’
1704 3079 1783 3112 etc.
