2231 3425
49 612 98 647 40

51 1051 99 1087 45

57 2128 101 2162 10

132 197 196 245 80
605 192 785 234 URBIS
826 181 1041 232 ROMAE
1083 181 1216 230 VIRi
1256 179 1588 230 INLUSTRES

139 338 320 397 “Quid
361 337 527 386 ais?'’
570 336 742 400 inquit
783 340 948 384 iratus
992 334 1255 382 Lucullus.
1337 333 1730 382 “Nesciebasne
1779 334 2053 382 Lucullum

137 426 292 474 hodie
317 430 619 474 cenaturum
646 439 757 473 esse
785 423 923 486 apud
950 422 1225 470 Lucullum
1245 423 1268 468 ‘?
1287 421 1315 445 ⁷⁷

205 513 491 562 Laudanda
523 517 601 560 est
635 511 842 559 Luculli
875 511 1113 572 impensa
1149 513 1200 556 et
1237 508 1468 557 studium
1505 508 1561 555 111
1597 509 1758 557 libris.

138 601 329 649 multes
361 606 412 648 et
443 600 665 663 optimes
704 597 1021 660 conquisivit
1059 604 1247 658 eesque
1284 596 1569 644 liberaliter
1603 595 1778 643 deditl
1821 596 2054 644 utendes.

139 689 360 736 Patebat
386 688 623 736 omnibus
659 686 988 745 bibliotheca,
1017 689 1068 732 et
1104 684 1159 730 111
1196 683 1424 746 porticus
1464 691 1511 730 ei
1548 683 1776 732 adiectas
1814 684 1956 731 velut
1993 684 2059 731 ad

140 775 441 824 Musarum²
476 776 654 823 aedem
692 773 971 821 veniebant
1013 771 1239 819 maxime
1289 772 1475 820 Graeci
1522 776 1829 833 tempusque
1872 771 1944 818 ibi
1986 771 2059 818 iu-

1832 509 1969 556 Nam
2007 519 2057 556 et

140 864 304 911 cunde
340 864 476 911 inter
513 871 565 911 se
602 861 943 910 traducebant
981 861 1044 908 ab
1081 860 1198 907 aliis
1237 867 1372 907 curis
1410 859 1573 906 liberi.
1649 859 1811 921 Saepe
1845 874 1958 906 cum
1994 858 2058 906 iis

140 951 443 999 versabatur
473 950 723 998 Lucullus
754 953 806 997 et
838 949 974 996 inter
1008 955 1249 1009 magnam
1285 947 1552 995 docterum
1590 946 1817 994 virerum
1854 945 2057 994 turbam

140 1039 450 1088 ambulabat.

577 1199 772 1238 XXVI.
828 1197 1034 1238 Gnaeus
1068 1197 1350 1248 Pompeius
1383 1198 1604 1247 Magnus

710 1327 918 1374 Gnaeus
967 1323 1285 1387 Pompeius,3
1321 1324 1501 1387 stirpis
1552 1325 1856 1385 senateriae‚
1896 1324 2062 1373 belle4

641 1414 785 1461 civili
811 1421 863 1461 se
895 1418 946 1460 et
971 1418 1171 1475 patrem
1199 1412 1418 1460 censilie
1453 1413 1693 1460 servavit.
1769 1413 1897 1461 Cum
1923 1412 2060 1459 enim

642 1503 858 1564 Pompei
900 1506 1046 1563 pater
1089 1501 1342 1548 exercitui
1385 1508 1476 1548 sue
1514 1501 1577 1548 ob
1614 1500 1888 1548 avaritiam
1925 1504 2062 1548 esset

642 1590 859 1649 invisus,
901 1590 1043 1637 facta
1089 1589 1143 1635 in
1193 1605 1309 1636 eum
1353 1588 1754 1651 ceuspiratiene,
1786 1588 2059 1636 Terentius

643 1678 868 1740 quidam,
892 1679 1058 1726 Gnaei
1078 1678 1296 1739 Pompei
1318 1677 1424 1723 filii
1439 1676 1456 1701 ⁵
1475 1677 1877 1737 contubernalis,
1892 1676 2030 1724 hunc
2044 1675 2062 1702 ⁶

643 1766 979 1812 occidendum
1029 1765 1272 1827 suscepit,
1322 1765 1476 1813 (1111117
1526 1766 1617 1813 alii
1669 1765 2060 1813 tabernaculum

1284 1854 1422 1910 Quae
1460 1861 1541 1901 res
1568 1869 1682 1900 cum
1709 1853 1886 1900 iuveni
1915 1853 2062 1900 Poin-

648 1853 806 1915 patris
844 1853 1212 1900 incenderent.⁷

644 1941 759 2003 peie
785 1946 994 1988 cenanti
1022 1941 1266 1988 nfintiata
1298 1946 1449 2001 esset,
1476 1941 1611 1988 nihil
1636 1941 1866 2003 pericule
1891 1944 2061 1988 metus

257 2004 440 2031 POMPEY

644 2028 833 2077 solite⁸
873 2028 1093 2077 hilarius
1136 2029 1267 2077 bibit
1310 2034 1362 2076 et
1409 2045 1525 2076 cum
1574 2028 1819 2076 Terentie
1866 2029 2059 2088 eadem,

1082 2116 1284 2164 Deinde
1311 2116 1601 2164 cubiculum
1636 2116 1898 2178 ingressus
1929 2116 2061 2163 clam

1973 2204 2063 2250 Te-

144 2294 343 2341 rentius
377 2298 488 2340 tum
522 2292 770 2340 destricte
797 2300 917 2339 ense
947 2293 1011 2339 ad
1045 2292 1235 2340 lectum
1273 2293 1491 2355 Pompei
1527 2292 1743 2340 accessit
1779 2291 2061 2354 multisque

144 2117 278 2181 qua⁹
301 2122 468 2178 anteay
496 2117 739 2165 cemitate
765 2125 888 2164 usus
916 2121 1008 2164 est.

144 2206 390 2254 subduxit
418 2214 470 2253 se
495 2204 722 2252 tenterie
748 2209 799 2251 et
825 2204 1035 2251 firmam
1062 2208 1201 2266 patri
1225 2204 1567 2252 circumdedit
1600 2204 1900 2252 custediam.

144 2381 331 2429 ictibus
364 2380 595 2442 stragula
622 2377 930 2442 percussit.¹⁰
999 2380 1128 2428 Orta
1163 2396 1282 2426 mox
1320 2380 1574 2427 seditiene
1612 2379 1889 2441 Pompeius
1922 2387 1974 2426 se
2007 2379 2060 2425 111

209 2570 222 2596 1
251 2568 374 2607 dedit,
403 2568 622 2607 fitendfvs:
662 2570 729 2606 i.e.
762 2570 912 2606 loaned
950 2570 1078 2607 them.

145 2629 226 2663 For
267 2625 470 2670 fitendes,
508 2638 576 2663 see
619 2638 658 2672 p.
695 2627 730 2667 2,
760 2637 799 2662 n.
831 2628 889 2663 18.
951 2626 968 2651 2
994 2627 1080 2663 The

144 2685 284 2721 Muses
302 2695 412 2720 were
440 2687 612 2729 patrous
632 2684 676 2718 of
704 2683 925 2719 literature
955 2683 996 2718 in
1025 2683 1080 2719 its

144 2741 315 2777 various
334 2741 481 2776 forms.

206 2797 223 2822 3
250 2797 324 2834 See
351 2797 525 2841 Vocab.‚
546 2796 789 2842 Pompeius.
843 2794 859 2820 4
886 2796 972 2832 The
1000 2796 1082 2833 ref-

143 2865 289 2891 erence
320 2854 356 2890 is
391 2857 435 2889 to
466 2854 538 2890 the
569 2864 659 2889 war
693 2853 881 2889 between
918 2853 1080 2890 Marius

143 2911 226 2947 and
264 2910 395 2947 Sulla.
448 2910 522 2946 See
557 2909 781 2946 selections
822 2909 962 2945 XXIV
997 2910 1080 2946 and

143 2967 278 3004 XXV.
331 2966 348 2992 5
373 2966 437 3003 Cf.
472 2967 629 3008 iuveni,
665 2966 692 3001 1.
729 2967 765 3002 7.
818 2965 894 3002 WVe
929 2966 1079 3002 should

143 3034 219 3071 say
240 3024 333 3060 ‘the
352 3023 571 3070 younger.’
624 3023 687 3058 He
708 3033 793 3058 was
812 3026 856 3058 at
875 3023 959 3058 this
978 3023 1080 3059 time

143 3081 219 3116 but
238 3080 433 3117 nineteen
462 3089 587 3126 years
611 3079 655 3114 of
682 3089 773 3124 age.
827 3077 843 3103 6
867 3077 984 3115 hunc
1007 3107 1013 3114 .
1038 3107 1045 3114 .
1071 3107 1077 3115 .

143 3134 362 3183 suscepit:
387 3138 396 3153 ⁴
412 3135 650 3173 uudertook
664 3139 708 3171 to
722 3134 800 3170 kil]
817 3135 932 3171 him!
973 3135 1080 3171 How

1125 2569 1346 2617 literally‘?
1398 2571 1479 2606 For
1515 2568 1814 2614 occidendum,
1847 2580 1915 2606 see
1950 2581 1989 2616 p.
2023 2571 2058 2613 2,

1126 2638 1163 2662 n.
1184 2628 1242 2663 18.
1298 2626 1312 2652 7
1338 2625 1456 2672 dum,
1478 2627 1639 2673 though
1667 2627 1865 2673 meaning
1888 2626 1897 2644 ‘
1913 2626 2035 2662 while
2051 2626 2059 2641 '

1131 2684 1204 2729 (cf.
1226 2695 1265 2729 p.
1288 2695 1358 2729 xx,
1387 2683 1423 2720 G
1448 2684 1508 2726 2),
1539 2684 1663 2720 takes
1691 2684 1762 2720 the
1788 2683 2061 2729 subjunctive

1126 2741 1223 2777 here
1242 2741 1419 2777 because
1439 2741 1483 2776 of
1502 2741 1572 2776 the
1592 2740 1791 2777 informa]
1810 2740 1935 2776 indir.
1957 2739 2059 2775 disc.

1125 2797 1295 2833 Terenti
1310 2797 1422 2833 said:
1442 2797 1602 2841 fz'le'wn
1624 2825 1631 2832 .
1654 2825 1662 2832 .
1683 2825 1690 2833 .
1709 2798 1942 2842 suscipiam
1958 2797 2059 2832 (lum

1126 2853 1203 2889 αἶὶῑ
1222 2854 1464 2890 incenditis.
1511 2853 1525 2878 8
1544 2851 1677 2890 solite
1695 2851 1908 2889 hilarius:
1934 2854 1941 2868 ‘
1958 2852 2059 2888 with

1131 2909 1273 2956 (even)
1299 2921 1413 2946 more
1435 2910 1579 2956 gaiety
1598 2911 1701 2946 than
1724 2909 1874 2945 usual.’
1928 2906 2060 2945 solit6

1125 2966 1160 3002 is
1191 2967 1290 3003 here
1320 2978 1344 3003 a
1371 2978 1497 3002 noun.
1552 2966 1712 3002 Neuter
1739 2966 1825 3012 adj.
1848 2965 1929 3001 and
1949 2968 2058 3010 part.

1125 3034 1196 3059 are
1214 3024 1330 3059 often
1355 3034 1399 3059 so
1429 3023 1542 3059 used.
1596 3023 1677 3058 For
1704 3022 1759 3058 its
1785 3032 1895 3066 case,
1924 3031 1992 3057 see
2018 3031 2058 3066 p.

1125 3080 1183 3123 10,
1207 3091 1246 3115 11.
1274 3080 1331 3115 18.
1385 3079 1401 3104 9
1426 3080 1517 3125 que
1544 3079 1699 3115 antea:
1742 3088 1797 3114 sc.
1827 3077 1926 3114 fisus
1953 3080 2058 3113 erat.

1124 3134 1158 3160 1⁰
1177 3136 1385 3180 percuti&
