2231 3425
56 471 102 507 45

57 913 106 947 50

56 1348 104 1382 55

57 1782 107 1817 60

152 140 215 187 54
606 138 784 177 URBIs
825 128 1038 176 ROMAE
1078 127 1214 174 vini
1252 126 1584 175 INLUSTRES

144 287 302 330 aetati
351 281 608 344 Scipionis
665 281 888 328 maxime
945 280 1269 326 diffidebant.
1358 279 1505 335 Quod
1552 279 1641 326 ubi
1689 279 2060 329 animadvertit

146 369 331 432 Scipio,
371 369 621 416 advooata
663 367 902 415 contione
951 366 1025 413 ita
1076 373 1263 425 magno
1306 365 1544 427 elatoque
1588 366 1758 414 animo
1802 367 1864 414 de
1906 366 2058 428 bello,

144 457 281 520 quod
307 456 584 517 gerendum
612 459 762 514 esset,
791 452 1053 513 disseruit,
1079 456 1140 499 ut
1164 451 1399 499 homines
1427 460 1549 499 cura
1586 452 1830 500 liberaret
1867 462 2059 516 speque

144 544 434 592 certissima
459 543 712 605 impleret.

211 631 484 679 Profectus
532 630 691 690 igitur
739 630 794 676 in
835 629 1150 691 Hispaniam
1201 628 1374 690 Soipic‘)
1423 628 1793 690 Carthaginem
1838 630 2058 691 Novam,

147 719 275 782 quo1
308 719 390 766 die
426 718 586 777 venit,
615 716 946 779 expugnavit.
1020 715 1129 763 EO2
1164 715 1469 776 oongestae3
1504 721 1651 763 erant
1687 725 1864 764 omnes
1897 732 2059 779 paene

145 799 356 855 Kfrioae
382 811 434 853 et
459 804 749 867 Hispaniae
775 812 911 866 opes,
939 803 1012 851 ibi
1038 819 1194 863 arma,
1222 803 1295 850 ibi
1320 803 1552 865 pecunia,
1580 803 1654 850 ibi
1678 808 1842 851 totius
1872 804 2062 866 Hispa-

146 896 262 942 niae
304 894 509 942 obsides
549 897 722 939 erant:
766 892 953 954 quibus
998 891 1234 938 omnibus
1284 896 1483 954 potitus
1533 895 1611 938 est
1655 891 1840 954 Scipio.
1915 891 2061 938 Inter

146 987 378 1045 captivos
406 981 470 1028 ad
496 996 611 1027 eum
638 980 863 1027 adducta
887 984 966 1026 est
992 978 1212 1025 eximiae
1233 979 1432 1026 formae
1458 978 1639 1026 adulta
1663 978 1821 1039 virgo.
1895 979 2060 1035 Quam

146 1069 234 1117 ubi
259 1068 508 1131 comperit
533 1067 745 1115 inlustri
769 1066 880 1114 loeo
905 1066 1043 1113 inter
1069 1066 1355 1114 Celtiberos
1392 1070 1569 1112 natam
1595 1065 1923 1129 principique
1949 1065 2059 1114 eius

148 1157 315 1218 gentis
341 1155 662 1204 adulescenti
687 1154 997 1216 desponsam
1024 1169 1151 1214 esse,
1179 1158 1441 1200 arcessitis
1467 1154 1768 1216 parentibus
1795 1158 1846 1200 et
1872 1161 2060 1216 sponso

147 1262 258 1293 eam
284 1243 523 1291 reddidit.
613 1243 865 1289 Parentes
891 1241 1124 1302 virginis,
1154 1249 1245 1303 qui
1271 1241 1336 1288 ad
1362 1256 1473 1288 eam
1512 1241 1865 1288 redimendam
1904 1240 2029 1290 satis
2046 1240 2062 1266 ⁴

146 1341 389 1393 magnum
432 1338 544 1378 auri
585 1330 787 1393 pondus
830 1329 1131 1389 attulerant,
1172 1329 1468 1390 Soipionem
1505 1329 1721 1376 orabant
1756 1333 1816 1376 ut
1851 1328 1905 1376 id
1941 1337 1972 1377 a
2007 1338 2060 1377 se

147 1421 338 1467 donum
363 1419 631 1480 acciperet.
707 1417 879 1479 Scipio
905 1433 1085 1464 aurum
1112 1421 1230 1464 ante
1257 1416 1413 1478 pedes
1439 1423 1564 1479 poni
1600 1415 1752 1463 iussit
1776 1422 2059 1479 vocatoque

147 1508 212 1555 ad
250 1515 302 1554 se
332 1506 548 1567 virginis
588 1513 790 1568 sponso,
820 1505 1033 1566 “Super
1070 1505 1243 1551 dotem
1265 1504 1293 1527 ⁷⁷
1320 1503 1492 1566 inquit
1520 1508 1548 1531 ί(
1566 1520 1720 1565 quam
1757 1509 2059 1566 accepturus

148 1603 177 1642 a
201 1601 372 1642 socero
398 1608 466 1653 es,
493 1592 620 1640 liaeo
645 1592 745 1639 tibi
771 1600 801 1639 a
825 1600 906 1638 me
933 1591 1130 1638 dotalia
1159 1591 1295 1638 dona
1331 1591 1578 1638 accedent
1595 1590 1622 1614 ''
1651 1606 1934 1652 aurumque
1968 1590 2061 1637 tol-

147 1682 250 1728 lere
284 1689 340 1728 ao
372 1679 470 1728 sibi
506 1679 694 1727 habere
731 1679 898 1727 iussit.
972 1679 1073 1725 Ille
1111 1679 1320 1725 domum
1358 1694 1593 1726 reversus
1633 1678 1698 1725 ad
1736 1677 2060 1724 referendam

149 1769 381 1831 Scipioni
405 1767 626 1828 gratiam
654 1767 942 1815 Celtiberos
969 1767 1220 1813 Romanis
1247 1765 1559 1813 conciliavit.

214 1856 415 1903 Deinde
466 1855 638 1917 Scipio
680 1852 1099 1901 Hasdrubalem⁵
1146 1851 1376 1900 vietum6
1428 1869 1491 1900 ex
1543 1854 1805 1916 Hispania
1843 1852 2058 1916 expulit.

148 1942 344 1991 Castris
380 1941 608 1989 hostium
644 1945 841 2003 potitus
879 1955 1081 1986 omnem
1119 1940 1363 2002 praedam
1400 1940 1655 1988 militibus
1690 1940 1960 2001 concessit,
1987 1956 2064 1988 ca-

148 2029 347 2092 ptivos⁷
382 2029 649 2091 Hispanos
688 2028 798 2076 sine
833 2027 1001 2090 pretio
1038 2027 1248 2074 domum
1285 2027 1510 2088 dimisit3
1555 2016 1714 2075 Afros
1750 2035 1873 2074 Vero
1910 2028 2064 2074 vendi

150 2114 315 2163 iussit.
405 2113 534 2160 Erat
581 2111 718 2159 inter
765 2119 850 2160 eos
893 2126 1022 2175 puer
1069 2110 1279 2158 adultus
1328 2109 1458 2170 regii
1506 2107 1745 2170 generis,⁸
1784 2109 1952 2156 forma
1993 2116 2065 2155 in-

150 2200 337 2263 signi⁸z
395 2216 546 2264 quem
595 2216 711 2247 eum
748 2203 1140 2262 percontaretur
1184 2197 1356 2260 Scipio
1395 2197 1512 2260 quis
1552 2201 1604 2244 et
1645 2196 1786 2244 cuias
1824 2200 1974 2257 esset,
2011 2200 2065 2243 et

149 2298 238 2337 eur
274 2287 363 2336 id⁹
398 2287 585 2335 aetatis
622 2286 678 2334 in
714 2291 898 2334 eastris
937 2286 1141 2345 fuisset,
1198 2284 1475 2332 “Numida
1512 2300 1624 2331 sum
1646 2283 1674 2308 ²'
1711 2283 1884 2345 inquit
1920 2298 2061 2346 puer,

152 2378 479 2424 “Massivam
505 2374 781 2437 populares
808 2378 1021 2420 vocant:
1062 2373 1215 2420 orbus
1242 2380 1273 2419 a
1297 2376 1443 2434 patre
1479 2371 1706 2431 relictus,
1734 2370 1871 2432 apud
1909 2386 2061 2418 avum

150 2469 454 2523 maternum,
479 2461 762 2509 Numidiae
787 2469 974 2521 regem,
1003 2460 1248 2507 (Educatus
1276 2476 1401 2507 sum.
1477 2459 1604 2506 Cum
1631 2458 1885 2505 avunculo
1910 2457 2064 2504 Masi-

150 2550 305 2611 nissa,
332 2557 422 2613 qui
457 2557 622 2611 nuper
660 2547 892 2595 subsidio
929 2546 1450 2607 Carthaginiensibus
1477 2545 1636 2605 venit,
1662 2544 1717 2591 in
1750 2543 2061 2606 Hispaniam

215 2751 229 2778 1
255 2752 319 2789 Cf.
349 2764 388 2798 p.
408 2752 468 2795 42,
489 2762 530 2787 n.
558 2752 594 2786 5.
647 2749 664 2775 2
686 2750 785 2786 :in
812 2760 906 2786 eum
934 2749 1082 2786 locum.
1130 2749 1201 2785 the
1221 2749 1304 2785 abl.
1325 2749 1370 2785 of
1396 2747 1725 2785 characteristic.
1779 2746 1861 2782 For
1886 2746 1957 2782 the
1984 2745 2063 2781 dif-

150 2810 166 2835 3
193 2811 379 2854 confflem).
448 2807 464 2832 4
491 2805 605 2843 satis
640 2807 675 2842 is
710 2807 826 2842 osten
862 2806 962 2842 used
1000 2805 1084 2841 like
1130 2805 1296 2841 sereneo
1324 2806 1512 2840 between
1540 2805 1668 2846 them,
1689 2814 1756 2839 see
1783 2801 1884 2845 419,
1905 2803 1947 2838 2:
1976 2803 2059 2844 215,

151 2877 226 2902 our
247 2868 254 2882 ‘
272 2864 510 2910 tolerably.'
572 2862 589 2888 5
618 2864 650 2898 A
672 2863 843 2898 brother
862 2862 907 2897 of
926 2862 1085 2897 Hanni—
1129 2871 1197 2897 N.:
1233 2866 1318 2905 400,
1348 2870 1391 2896 R.
1421 2862 1454 2896 1.
1508 2860 1525 2884 9
1550 2858 1595 2895 id
1630 2857 1817 2895 aetatis:
1865 2859 1934 2894 ‘at
1968 2858 2062 2893 that.

152 2922 234 2958 bal.
304 2921 320 2946 6
344 2919 515 2956 victum
538 2947 544 2955 .
570 2947 576 2954 .
603 2947 608 2954 .
630 2917 806 2964 expulit
836 2934 871 2947 =
903 2919 1002 2954 vicit
1047 2921 1085 2954 et
1129 2917 1237 2963 age‚'
1259 2917 1327 2953 i.e.
1348 2916 1508 2962 though
1527 2916 1577 2952 he
1597 2926 1684 2951 was
1703 2925 1749 2951 so
1771 2925 1924 2961 young.
1977 2913 2061 2949 The

152 2978 323 3024 eaepulz't.
378 2974 964 3020 7=‘bucthecaplives‚’etc.
1017 2973 1082 3010 Cf.
1129 2984 1265 3009 accus.
1302 2971 1347 3009 id
1382 2973 1417 3009 is
1453 2971 1671 3018 variously
1705 2970 1949 3017 explained:
1994 2980 2061 3006 see

152 3046 191 3082 p.
211 3036 247 3077 2,
268 3045 307 3070 n.
325 3035 386 3076 24,
415 3032 498 3068 and
526 3043 564 3078 p.
585 3033 621 3073 5,
643 3042 682 3066 n.
706 3032 763 3066 153.
814 3030 829 3055 8
858 3030 965 3066 Note
989 3031 1084 3065 that
1131 3028 1230 3071 378,
1258 3030 1301 3064 2:
1338 3029 1423 3072 240,
1452 3027 1496 3064 b:
1538 3032 1623 3071 336,
1652 3036 1695 3063 N.
1724 3027 1760 3062 2.
1825 3022 1991 3062 aetatis
2026 3024 2060 3060 is

151 3099 214 3128 we
232 3090 339 3127 have
357 3089 456 3125 here
482 3087 571 3124 side
598 3087 654 3133 by
672 3086 761 3123 side
788 3086 859 3122 the
885 3096 978 3132 gen.
1000 3085 1083 3121 and
1103 3056 1108 3120 l
1128 3085 1331 3131 partitive
1350 3095 1443 3131 gen.
1467 3084 1524 3130 (p.
1545 3083 1605 3128 30,
1624 3092 1666 3118 n.
1686 3081 1727 3127 2)
1749 3080 1854 3118 with
1871 3078 1929 3117 id.
