2231 3425
678 152 928 201 MaRous
968 161 1225 202 TULLIUS
1268 151 1489 201 CICERO
1983 161 2046 209 99

191 306 375 368 Neque
401 312 460 353 ee
484 304 649 365 magis
677 305 739 352 ab
764 305 970 366 incepte
997 303 1225 352 Catilina
1257 302 1478 363 destitit,
1507 303 1598 351 sed
1635 302 1843 350 infestis
1882 310 2043 363 signis

126 391 344 440 Romam
391 396 572 454 petens
621 391 842 439 Antenii
890 390 1121 438 exercitu
1168 389 1492 452 opprimitur.
1588 389 1752 446 Quam
1801 389 2044 437 atrociter

126 479 431 527 dimicatum
480 480 548 527 sit
604 478 775 527 exitus
832 478 1033 526 docuit:
1096 485 1247 525 nemo
1294 477 1523 525 hostium
1571 476 1708 524 bello
1757 476 2041 539 superfuit3

126 582 278 629 quem
315 567 534 629 quisque
571 566 626 613 in
662 566 941 628 pugnande
978 570 1186 628 ceperat
1226 564 1412 625 locum,
1441 580 1557 611 eum
1604 563 1797 612 amissa
1844 563 2045 611 animal

125 654 345 714 tegebat.
420 653 649 702 Catilina
678 653 829 714 longe
855 660 885 700 a
911 660 1016 700 suis
1051 652 1186 699 inter
1222 652 1453 700 hostium
1491 649 1774 699 cadavera²
1810 656 2044 713 repertus

126 747 229 789 est:
270 740 621 804 pulcherrima
658 740 860 800 morte,3
885 748 930 788 si
962 748 1054 802 pre
1091 739 1262 802 patria
1299 747 1371 787 sic
1407 738 1750 786 concidisset!
1825 738 2045 786 Senatus

125 828 449 891 populusque
471 829 737 876 Romanus
760 827 1058 876 Ciceronem
1080 832 1281 889 patrem
1301 826 1500 890 patriae
1522 825 1823 888 appellavit.
1870 825 2047 874 Cicere

125 916 237 978 ipse
280 916 336 962 in
378 916 608 964 eratione
657 923 749 978 pro
793 915 939 962 Sulla
985 915 1159 977 palam
1207 914 1473 977 praedicat
1525 913 1801 961 censilium
1848 913 2047 976 patriae

126 1004 409 1051 servandae
448 1003 612 1051 fuisse
651 1002 900 1049 iniectum
941 1002 1040 1050 sibi
1079 1009 1109 1049 a
1147 1001 1263 1061 diis,
1305 1017 1420 1048 cum
1461 1000 1689 1049 Catilina
1727 1000 2049 1049 coniurasset

126 1091 373 1139 adversus
399 1106 525 1138 eam.
602 1081 690 1139 “C
731 1090 804 1137 dii
839 1089 1210 1149 immortales‚⁷'
1237 1088 1411 1152 inquit
1438 1094 1574 1138 “vos
1611 1089 1845 1152 profecte
1881 1089 2049 1137 incen-

126 1178 277 1227 distis
304 1183 417 1226 tum
442 1178 676 1226 animum
706 1193 878 1225 meum
909 1177 1197 1240 cupiditate
1234 1177 1618 1225 conservandae
1655 1177 1868 1240 patriae.
1942 1178 2048 1226 Ves

125 1265 383 1314 avocastis
409 1274 492 1314 me
525 1273 555 1314 a
588 1265 990 1327 cegitationibus
1028 1264 1267 1312 omnibus
1305 1270 1492 1312 ceteris
1531 1269 1582 1312 et
1617 1264 1948 1313 convertistis
1986 1265 2052 1313 ad

127 1353 348 1402 salutem
394 1361 553 1401 unam
600 1353 814 1416 patriae.
894 1353 999 1400 Vos
1049 1352 1273 1415 denique
1320 1351 1647 1414 praetulistis
1695 1357 1860 1400 menti
1907 1368 2050 1400 meae

126 1441 473 1490 clarissimum
498 1441 677 1488 lumen
701 1440 757 1488 in
785 1441 1017 1488 tenebris
1048 1444 1210 1488 tantis
1240 1439 1426 1488 erroris
1465 1444 1516 1488 et
1552 1439 1871 1488 inscientiae.
1944 1440 2052 1487 Tri-

125 1529 281 1577 buam
319 1529 458 1576 enim
493 1529 657 1590 vebis,
696 1544 827 1591 quae
868 1533 989 1576 sunt
1024 1532 1211 1576 vestra.
1284 1528 1397 1575 Nec
1436 1535 1558 1576 vere
1595 1543 1807 1591 possum
1846 1533 2050 1576 tantum

127 1617 250 1664 dare
283 1616 492 1679 ingenie
529 1624 656 1677 mee,
683 1616 774 1664 ut4
812 1616 1129 1678 dispexerim
1163 1620 1345 1678 sponte
1379 1623 1494 1663 mea
1526 1615 1582 1662 in
1613 1620 1923 1679 tempestate
1958 1615 2053 1663 illa

127 1704 582 1753 turbulentissima
608 1712 683 1752 rei
708 1704 960 1767 publicae,
989 1703 1116 1766 quid
1141 1708 1278 1752 esset
1304 1703 1557 1766 optimum
1583 1703 1777 1751 factu.''

192 1793 381 1840 Paucis
407 1797 526 1855 post
551 1800 701 1840 annis
733 1792 971 1841 Ciceroni
1002 1791 1139 1838 diem
1171 1791 1306 1839 dixit
1340 1791 1554 1840 Cledius
1590 1791 1831 1840 tribunus
1868 1791 2050 1855 plebis,

128 1880 266 1943 quod
291 1888 431 1928 cives
456 1880 720 1928 Remanes
746 1879 976 1927 indicta⁵
996 1886 1151 1927 causa
1175 1878 1480 1927 necavisset.
1545 1879 1763 1928 Senatus
1790 1878 2055 1939 maestus,⁶

2085 491 2131 527 75

2088 930 2135 965 80

2091 1370 2136 1405 85

2093 1807 2140 1842 90

126 1972 390 2030 tamquam
419 1967 475 2014 in
510 1967 718 2030 publico
755 1967 913 2027 luctu,
955 1965 1129 2015 veste⁷
1171 1971 1375 2014 mutata
1415 1974 1509 2029 pro
1552 1974 1611 2014 ee
1659 1967 2045 2030 deprecabatur.
2119 2003 2124 2007 .

128 2055 321 2116 Cicere‚
360 2070 476 2103 cum
512 2059 688 2118 posset
725 2062 883 2103 armis
921 2054 1144 2102 salutem
1185 2069 1330 2102 suam
1372 2054 1667 2119 defendere,
1706 2054 1892 2102 maluit
1927 2055 2052 2103 urbe

127 2143 307 2191 cedere
341 2158 496 2206 quam
530 2150 623 2191 sua
647 2150 802 2191 causa
826 2143 1034 2190 caedem
1061 2142 1188 2190 fieri.
1262 2141 1688 2190 Proficiscentem
1722 2150 1898 2190 omnes
1931 2143 2054 2190 boni

128 2230 311 2279 fientes
337 2235 600 2293 presecuti
626 2235 761 2278 sunt.
826 2230 962 2278 Dein
990 2231 1202 2280 Clodius
1232 2230 1459 2278 edictum
1485 2230 1771 2293 preposuit,
1794 2235 1851 2278 ut
1877 2231 2053 2278 Marce

128 2316 334 2366 Tullie⁸
358 2326 468 2379 igni
493 2323 545 2366 et
570 2327 706 2381 aqua
730 2318 1152 2367 interdiceretur:
1194 2318 1337 2366 illius
1368 2318 1577 2366 domum
1612 2321 1664 2365 et
1695 2317 1850 2366 villas
1886 2317 2055 2365 incen-

129 2405 221 2454 dit.
296 2406 397 2454 Sed
422 2414 500 2455 vis
527 2406 620 2455 illa
644 2414 748 2455 nen
774 2406 1023 2455 diuturna
1048 2406 1167 2467 fuit,
1195 2422 1316 2454 mox
1342 2406 1480 2453 enim
1512 2410 1653 2453 totus
1683 2405 1794 2452 fere
1829 2405 2052 2468 populus

129 2494 396 2542 Romanus
426 2494 628 2556 ingenti
661 2494 919 2543 desiderio
959 2493 1223 2543 Ciceronis
1261 2493 1485 2541 reditum
1523 2492 1759 2554 flagitare
1798 2493 1967 2556 coepit
2004 2499 2055 2541 et

129 2581 356 2629 maximo
382 2581 612 2630 omnium
638 2582 877 2630 ordinum
903 2581 1078 2630 studie
1103 2581 1285 2631 Cicero
1311 2581 1367 2628 in
1396 2580 1617 2644 patriam
1652 2585 1922 2628 revocatus
1959 2586 2050 2628 est.

194 2770 209 2796 1
238 2771 370 2809 ‘1ife.’
422 2771 439 2797 2
467 2773 687 2818 ‘corpses'
738 2772 756 2798 3
784 2772 847 2810 Sc.
865 2773 1071 2810 concidis-
1114 2772 1266 2819 dinary
1310 2771 1454 2816 attire‚
1490 2771 1629 2808 which
1672 2781 1760 2808 was
1802 2770 1943 2815 white,
1988 2771 2054 2808 for

130 2831 204 2864 set.
257 2828 274 2852 4
297 2830 350 2865 ut
373 2857 379 2863 .
404 2856 412 2864 .
437 2856 444 2864 .
466 2826 760 2875 dispexerim:
793 2829 879 2874 ‘(as
905 2833 950 2866 to
969 2829 1063 2876 say)
1114 2824 1272 2865 dark'er
1316 2829 1438 2865 robes
1481 2828 1526 2863 of
1567 2828 1807 2874 moui-ning.
1869 2827 1884 2852 8
1912 2825 2053 2864 Tuni'o'

133 2884 226 2920 that
253 2884 271 2919 1
297 2885 447 2921 should
480 2886 588 2922 have
616 2886 660 2922 of
691 2897 761 2932 my
793 2897 888 2922 own
919 2886 1068 2922 accord
1117 2913 1126 2921 .
1151 2913 1157 2920 .
1183 2913 1189 2920 .
1211 2883 1578 2922 interdiceretur:
1622 2884 1702 2928 lit.‚
1741 2884 1859 2920 ‘that
1903 2894 1928 2920 a
1970 2885 2053 2921 ban

130 2940 290 2988 clearly
334 2938 586 2987 perceived.'
653 2941 670 2967 5
694 2940 866 2979 indicta
908 2944 1066 2979 causa:
1115 2941 1265 2978 should
1285 2942 1336 2978 be
1361 2941 1446 2976 laid
1475 2951 1528 2976 on
1556 2940 1719 2976 Tullius
1747 2940 1791 2976 in
1819 2943 1983 2987 respect
2010 2941 2055 2977 of

133 2996 261 3033 ‘With
283 2998 395 3034 their
422 3009 548 3035 cause
572 2998 839 3045 unpleaded‚'
861 2999 928 3035 i.e.
949 2999 1071 3034 with·
1115 2998 1193 3035 fire
1222 2998 1309 3036 and
1339 2997 1503 3041 water,’
1533 2997 1597 3033 i.e.
1627 2997 1721 3033 that
1747 2997 1798 3033 he
1826 2997 1975 3033 should
2003 2997 2054 3034 be

131 3058 206 3090 out
227 3054 373 3101 giving
394 3055 510 3092 them
533 3065 558 3092 a
580 3055 695 3092 trial.
749 3055 766 3081 6
793 3054 1067 3102 ‘moui-ning.’
1115 3054 1341 3099 outlawed,
1356 3054 1439 3090 and
1455 3064 1584 3100 every
1597 3064 1674 3090 one
1688 3053 1912 3090 forbidden
1927 3058 1970 3090 to
1984 3053 2054 3090 aid

132 3107 148 3136 7
172 3111 299 3148 veste
324 3109 524 3148 miitata:
555 3112 624 3149 i.e.
645 3112 856 3159 changing
877 3112 989 3149 their
1007 3123 1071 3148 01·-
1114 3111 1218 3156 him,
1239 3121 1343 3149 even
1362 3110 1468 3147 with
1487 3110 1559 3146 the
1577 3109 1834 3147 necessaries
1852 3110 1897 3146 of
1914 3109 2004 3147 life.

2094 2249 2140 2284 95
