2231 3425
617 147 1008 198 ooTKviKNUs
1049 158 1286 200 CAESAR
1328 160 1642 202 AUGUSTUS
1986 163 2082 211 105

169 301 406 365 publicae
432 300 826 349 constituendae
851 316 942 363 per
963 301 1377 364 quinquennium
1413 307 1585 348 essent
1623 302 1731 363 ipse
1769 308 1820 350 et
1856 304 2082 367 Lepidus

169 393 220 435 et
261 387 537 448 Antonius,
573 392 623 435 et
663 393 722 435 ut
764 396 882 436 suos
924 387 1142 450 quisque
1190 387 1427 436 inimices
1475 390 1867 451 proscriberent.
1940 393 2079 450 Quae

169 475 479 537 prescriptio
517 475 733 522 Sullana
768 475 920 535 longe
956 474 1211 521 crudelior
1246 475 1362 522 fuit.
1435 476 1661 524 Exstant
1703 482 1873 525 autem
1917 495 1980 526 ex
2021 488 2081 528 ea

168 562 335 610 multa
380 561 463 609 vel
511 568 770 610 extremae
817 561 1105 625 impietatis
1153 561 1237 608 vel
1285 570 1445 610 mirae
1493 562 1615 610 fidei
1653 572 1710 611 ac
1758 566 2079 615 censtantiae

168 648 418 712 exempla.
491 650 546 696 Τ.
586 650 855 710 Toranius,
894 648 1286 697 triumvirorum
1327 654 1499 712 partes
1544 657 1764 712 secutus,
1803 660 2080 716 prescripti

169 736 332 799 patris
377 744 472 797 sui,
511 737 758 799 praetorii
799 741 851 784 et
892 741 1063 784 ornati
1103 736 1217 797 viri,
1257 737 1496 797 latebras,
1536 743 1757 786 aetatem
1799 741 2081 803 notasquel

168 824 409 886 corporis,
460 824 647 886 quibus
694 831 906 886 agnosci
946 828 1136 887 posset,
1175 824 1562 873 centurionibus
1611 826 1788 886 edidit,
1828 836 1919 889 qui
1965 844 2079 876 eum

168 916 427 974 persecuti
463 916 598 959 sunt.
671 911 823 960 Alius
861 912 1074 974 quidam
1110 927 1227 959 cum
1264 917 1611 975 prescriptum
1650 922 1702 961 se
1739 915 2079 976 cognovisset,

168 999 233 1047 ad
279 999 522 1046 clientem
572 1015 722 1047 suum
759 999 1024 1061 confugit,
1078 999 1170 1047 sed
1206 999 1356 1048 filius
1405 999 1515 1048 eius
1563 1016 1654 1063 per
1702 1001 1815 1063 ipsa
1861 1003 2083 1065 vestigia

167 1086 331 1150 patris
357 1087 613 1135 militibus
642 1087 811 1135 ductis
838 1087 1174 1134 occidendum
1202 1102 1318 1134 eum
1345 1087 1400 1134 in
1425 1093 1702 1150 conspectu
1729 1097 1819 1137 suo
1845 1090 2044 1138 obiecit.

235 1176 363 1223 Cum
407 1176 460 1223 C.
500 1175 705 1223 Plotius
744 1174 969 1222 Plancus
1012 1182 1042 1222 a
1083 1174 1371 1223 triumviris
1414 1180 1735 1238 proscriptus
1779 1176 1832 1223 in
1875 1178 2081 1239 regione

171 1262 529 1311 Salernitana2
564 1262 764 1323 lateret,
804 1270 942 1311 servi
979 1262 1104 1323 eius,
1143 1262 1502 1325 comprehensi
1536 1263 1862 1326 multumque
1899 1272 1957 1312 ac
1994 1266 2083 1313 diu

166 1350 327 1412 torti,3
350 1351 609 1412 negabant
635 1359 688 1399 se
715 1359 844 1399 scire
886 1350 976 1398 ubi
1003 1350 1239 1398 dominus
1268 1355 1415 1398 esset.
1476 1350 1598 1398 Neu
1624 1352 1872 1400 sustinuit
1897 1353 2082 1401 deinde

166 1439 391 1487 Plancus
418 1445 525 1487 tam
550 1439 731 1487 fideles
757 1443 969 1501 tamque
995 1438 1117 1486 boni
1138 1438 1364 1500 exempli
1390 1446 1564 1486 serves
1590 1438 1809 1487 ulterius
1836 1441 2080 1502 cruciari3

168 1527 259 1575 sed
305 1527 558 1591 precessit
584 1527 660 1574 ·in
706 1526 936 1574 medium
984 1526 1321 1588 iugulumque
1371 1526 1557 1586 gladiis
1605 1526 1831 1574 militum
1880 1528 2079 1575 obiecit.

169 1615 432 1663 Senatoris
472 1615 740 1663 cuiusdam
783 1631 960 1663 servus
1001 1630 1116 1661 cum
1157 1614 1222 1661 ad
1261 1613 1527 1660 dominum
1575 1620 1922 1677 prescriptum
1960 1624 2084 1663 occi-

167 1702 391 1750 dendum
428 1703 622 1751 milites
663 1702 936 1750 advenisse
976 1705 1261 1762 cognosset,
1301 1705 1617 1748 commutata
1655 1717 1770 1748 cum
1819 1710 1876 1750 ee
1923 1707 2081 1763 veste,

2120 927 2168 963 40

2123 1366 2170 1401 45

166 1796 459 1853 permutato
497 1791 653 1838 etiam
691 1790 861 1850 anule,
888 1789 1038 1836 illum
1075 1788 1306 1852 postico4
1342 1788 1473 1835 clam
1511 1788 1698 1849 emisit,
1731 1797 1783 1836 se
1821 1795 1993 1837 autem
2028 1790 2084 1837 in
2124 1801 2172 1836 50

167 1877 462 1925 cubiculum
488 1879 553 1926 ad
577 1876 858 1925 lectulum⁵
883 1877 1078 1940 recepit
1104 1882 1154 1924 et
1179 1882 1238 1923 ut
1274 1876 1539 1923 dominum
1578 1877 1742 1924 occidi
1774 1893 1956 1940 passus
1988 1883 2078 1926 est.
2144 1909 2148 1929 ;

168 1964 436 2022 “Quanti“
480 1965 583 2013 viri
629 1970 707 2014 est
727 1966 755 1990 ⁷²
805 1965 952 2013 addit
1002 1964 1227 2023 Seneca,⁷
1277 1969 1436 2011 “cum
1493 1964 1723 2026 praemia
1774 1965 2122 2027 proditionis.

165 2052 400 2114 ingentia
436 2054 792 2114 ostendantur,
820 2052 1105 2116 praemium
1143 2052 1265 2099 fidei
1302 2057 1519 2099 mortem
1558 2053 1992 2114 concupiscerel''

234 2140 547 2189 Octavianus
590 2141 777 2188 deinde
825 2142 895 2188 M.
942 2141 1178 2199 Brutum,
1220 2139 1605 2187 interfectorem
1657 2139 1906 2200 Caesaris,
1945 2140 2081 2188 bello

165 2233 464 2292 persecutus
501 2228 556 2275 id
590 2228 800 2288 bellum,
840 2243 1152 2290 quamquam
1189 2227 1450 2274 invalidus
1490 2231 1644 2288 atque
1682 2242 1846 2287 aeger,
1886 2228 2082 2290 duplici

2121 2236 2168 2272 55

165 2315 360 2378 proelio
396 2315 676 2376 transegit3
718 2323 935 2377 quorum
968 2315 1137 2377 priore
1164 2319 1348 2362 castris
1376 2312 1595 2362 exutus8
1618 2314 1707 2361 vix
1740 2314 1866 2376 suga
1899 2314 2078 2362 evasit.
2144 2370 2148 2371 ⁷

164 2402 343 2451 Victor
368 2402 695 2450 acerbissime
723 2411 776 2450 se
803 2402 989 2463 gessit:
1030 2402 1084 2449 in
1108 2401 1492 2450 nobilissimum
1528 2417 1784 2464 quemque
1816 2407 2080 2464 captivum

164 2499 269 2538 nen
302 2490 411 2538 sine
441 2490 714 2537 verberum
748 2490 1062 2537 contumelia
1090 2489 1289 2537 saeviit.
1364 2480 1474 2538 [dni
1511 2489 1818 2551 suppliciter
1855 2489 2081 2551 sepultu-

164 2593 273 2624 ram
320 2582 554 2640 precanti
601 2577 927 2639 respondisse
976 2577 1168 2624 dicitur
1206 2576 1309 2624 iam
1358 2576 1511 2624 istam
1560 2576 1614 2622 in
1652 2576 1919 2623 volucrum
1967 2576 2078 2623 fore

164 2669 434 2727 potestate.
526 2664 687 2724 Alios,
727 2669 928 2727 patrem
977 2669 1028 2711 et
1075 2664 1264 2724 filium,
1308 2672 1401 2727 pre
1449 2668 1559 2711 vita
1593 2668 1845 2724 'rogantes
1903 2668 2078 2710 sortiri

164 2752 332 2799 fertur
373 2751 586 2801 iussisse
639 2757 699 2800 ut
745 2751 1016 2799 alterutri9
1050 2752 1428 2811 concederetur,
1467 2759 1524 2798 ac
1580 2766 1711 2810 cum,
1752 2754 1898 2812 patre
1955 2750 2078 2812 quia

226 2940 242 2966 1
271 2941 466 2978 ‘marks.’
519 2940 536 2966 2
564 2942 572 2958 ‘
589 2942 634 2978 of
661 2941 914 2987 Salernum,'
935 2953 959 2979 a
981 2946 1094 2979 town
1142 2943 1151 2960 ‘
1168 2942 1296 2978 What
1329 2940 1569 2978 marvelous
1604 2939 1813 2976 manhood
1846 2939 1879 2974 it
1908 2939 2072 2976 shows)

163 2999 206 3033 in
257 2997 511 3044 Campania3
564 2999 635 3034 the
686 2999 858 3035 modern
907 2999 1092 3036 Salerno.
1141 2997 1156 3023 7
1183 2999 1218 3034 A
1236 2998 1506 3044 philosopher
1524 2997 1569 3032 of
1588 2996 1659 3032 the
1678 2995 1772 3032 first
1787 2999 1965 3042 century
1979 3004 2070 3031 A.D.

161 3053 178 3077 3
206 3054 392 3100 ‘though
441 3055 667 3091 tortured.’
744 3055 760 3079 4
789 3056 867 3099 ‘by
910 3065 935 3091 a
985 3055 1095 3091 back
1140 3054 1155 3079 8
1184 3054 1395 3100 ‘stripped
1415 3054 1485 3088 of:
1538 3052 1554 3077 9
1583 3053 1650 3088 ‘to
1670 3062 1748 3087 one
1767 3062 1814 3087 or
1832 3052 1902 3087 the
1921 3052 2070 3095 other,’

161 3109 289 3146 door!
355 3108 371 3135 5
399 3110 583 3146 ‘couch.’
649 3109 665 3135 6
691 3109 855 3152 Quanti
882 3138 890 3147 .
922 3138 930 3147 .
962 3137 971 3148 0
1000 3111 1089 3147 est:
1139 3110 1202 3147 i.e.
1220 3114 1264 3145 to
1284 3120 1375 3153 one,
1396 3109 1473 3144 but
1491 3111 1566 3144 not
1584 3111 1628 3144 to
1646 3107 1762 3143 both.

2117 2676 2165 2711 60
