2231 3425
584 162 973 212 ooTKviXNUs
1015 171 1255 211 CAESAR
1295 171 1612 211 AUGUSTUS
1955 169 2054 221 103

135 316 232 365 tibi
258 315 581 380 propositum
607 330 670 362 ex
696 314 956 362 sententia
985 329 1170 377 parum
1203 313 1461 374 cessisset,
1482 310 1643 376 ‘quam
1680 321 1842 376 aequo
1878 312 2051 362 animo

136 412 217 450 me
241 403 379 450 ferro
404 417 570 450 essem
594 400 1022 464 interemptura.²'
1095 400 1291 458 Quibus
1320 400 1493 447 verbis
1525 400 1715 447 auditis
1753 400 1947 448 Brutus
1985 400 2050 447 ad

136 490 336 537 caelum
360 497 544 536 manus
571 493 623 536 et
649 488 821 536 oculos
849 487 1123 536 sustulisse
1151 487 1339 535 dicitur
1366 491 1417 534 et
1451 486 1850 534 exclamavisse:
1891 491 1919 515 “
1935 487 2051 536 Uti-

134 594 256 624 nam
281 577 467 638 dignus
493 576 590 623 tali
614 575 830 636 coniuge
855 580 1073 623 maritus
1098 574 1267 622 videri
1290 589 1495 637 possem
1513 576 1522 622 1
1542 574 1570 597 ⁷⁷

212 663 497 712 Interfecto
524 663 757 721 Caesare,
780 676 896 708 cum
917 661 1179 710 Antonius
1205 666 1404 709 vestem
1430 661 1538 710 eius
1571 661 2020 723 sanguinolentam
2037 660 2051 688 ¹
2091 677 2138 712 30

135 754 402 798 ostentans
429 749 679 812 populum
704 749 872 796 veluti
897 749 1072 797 furore
1107 749 1330 812 quodam
1363 749 1612 797 adversus
1649 749 1943 797 coniuratos
1980 757 2052 796 in·

135 837 465 897 fiammasset,
494 837 689 885 Brutus
719 837 775 883 in
805 836 1166 884 Macedoniam
1198 837 1452 885 concessit
1487 836 1663 899 ibique
1700 837 1839 899 apud
1872 837 2051 885 urbem

134 925 408 987 Philippos
440 925 686 972 adversus
712 924 1002 972 Antonium
1039 929 1091 972 et
1131 924 1477 973 Octavianum
1514 924 1795 972 dimicavit.
1867 924 2051 973 Victus

136 1012 256 1072 acie,
283 1027 400 1059 cum
436 1012 491 1058 in
526 1010 819 1059 tumulum2
861 1020 915 1060 se
950 1016 1101 1060 nocte
1139 1013 1434 1075 recepisset,
1463 1012 1643 1059 audita
1675 1012 1842 1060 Cassii
1873 1016 2051 1072 morte,

134 1108 199 1147 ne
225 1099 281 1146 in
303 1099 530 1147 hostium
558 1108 741 1148 manus
767 1105 984 1160 veniret,
1013 1108 1106 1147 uni
1131 1116 1195 1147 ex
1224 1100 1498 1148 comitibus
1534 1098 1673 1147 latus
1709 1099 2055 1147 transfodien·
2093 1115 2141 1150 35

135 1188 258 1235 dum
282 1187 534 1251 praebuit.
608 1186 872 1236 Antonius
913 1188 1066 1235 Brsiti
1097 1203 1281 1250 corpus
1315 1187 1504 1235 liberto
1541 1195 1634 1235 suo
1672 1186 2056 1250 sepeliendum³

134 1275 365 1336 tradidit,
417 1274 654 1337 quoque4
711 1274 1013 1323 honoratius
1072 1280 1400 1336 cremaretur,
1450 1275 1578 1322 inici
1624 1283 1672 1322 ei
1718 1291 1867 1323 suum
1914 1273 2056 1338 palii-

136 1361 467 1410 damentum⁵
513 1362 681 1424 iassit,
725 1361 1010 1411 iacentem6
1055 1371 1161 1411 non
1205 1362 1422 1424 hostem,
1468 1363 1559 1411 sed
1605 1371 1772 1410 civem
1820 1361 2055 1425 deposito

136 1449 441 1498 existimans
481 1450 612 1498 odio.
686 1451 917 1514 Cumque
955 1451 1304 1514 interceptum
1341 1458 1372 1498 a
1405 1449 1592 1499 liberte
1628 1450 2054 1514 paludamentum

135 1537 484 1600 comperisset,
529 1546 606 1586 ira
651 1538 910 1601 percitus⁷
957 1539 1196 1602 protinus
1244 1538 1300 1585 in
1341 1554 1458 1586 eum
1505 1538 1889 1598 animadvertit,
1915 1553 2056 1601 prae-
2094 1549 2144 1584 40

137 1626 305 1673 fatus:
348 1625 527 1682 “Quid
546 1628 570 1674 ἱ)
619 1629 678 1673 tsi
718 1630 986 1688 ignorasti,
1008 1625 1154 1674 caius
1179 1624 1278 1673 tibi
1301 1625 1406 1672 viri
1431 1623 1751 1688 sepulti-iram
1775 1621 2055 1671 commisis-

138 1713 329 1761 sem?''
400 1714 523 1761 Non
558 1713 738 1760 eadem
775 1712 881 1760 fuit
920 1712 1196 1761 Octaviani
1234 1719 1356 1773 erga
1403 1710 1625 1758 Brutum
1671 1709 1972 1771 moderatio,
2009 1709 2054 1758 is

138 1800 275 1848 enim
316 1799 586 1848 avulsum8
627 1800 781 1847 Bruti
819 1804 975 1862 caput
1010 1800 1232 1847 Romam
1268 1798 1428 1859 misit,
1453 1785 1514 1846 ut
1551 1799 1652 1847 Gai
1688 1797 1922 1846 Caesaris
1960 1801 2056 1845 sta

137 1893 256 1936 tuae
282 1888 611 1936 subiceretur.
674 1887 859 1935 Porcia
884 1903 1000 1934 cum
1019 1886 1218 1934 victum
1244 1890 1296 1934 et
1320 1886 1691 1949 interemptum
1710 1885 1881 1933 virum
1906 1901 2056 1934 suum

137 1975 477 2036 cognovisset,
518 1975 643 2038 quia
689 1975 890 2022 ferrum
937 1983 1041 2023 non
1084 1975 1318 2034 dabatur,
1359 1974 1600 2021 ardentes
1649 1981 1734 2021 ore
1782 1971 2059 2021 carbones⁹
2095 1986 2144 2022 45

137 2062 325 2124 hausit,
375 2062 583 2110 virilem
641 2062 807 2126 patris
826 2060 859 2087 10
906 2062 1106 2109 exitum
1165 2061 1352 2109 mulier
1368 2058 1401 2086 Π
1442 2060 1651 2118 imitata
1695 2067 1828 2108 novo
1875 2059 2056 2108 mortis

139 2165 335 2211 genere.

552 2298 724 2336 XXX.
784 2298 1104 2338 Octavianus
1140 2297 1328 2337 Caesar
1361 2297 1632 2347 Augustus

208 2432 540 2493 Octavianus,
562 2432 744 2493 luliae,
775 2433 874 2480 Gai
899 2431 1136 2481 Caesaris
1164 2430 1367 2492 sororis,
1394 2439 1570 2494 nepos,
1598 2435 1841 2494 quartum
1867 2445 2057 2478 annum

142 2527 296 2579 agens
322 2525 524 2582 patrem
550 2519 737 2567 amisit.
812 2519 896 2567 Ab
923 2518 1178 2566 avunculo
1208 2519 1483 2581 adoptatus
1520 2518 1814 2581 profectum
1851 2533 1967 2565 eum
2003 2517 2057 2564 in

141 2605 427 2668 Hispanias
441 2605 475 2631 ¹2
510 2607 757 2655 adversus
785 2608 953 2655 Gnaei
976 2607 1196 2668 Pompei
1219 2605 1409 2653 liberos
1448 2610 1654 2653 secutus
1691 2608 1783 2652 est.
1856 2604 2057 2651 Deinde

141 2692 204 2740 ab
230 2700 288 2740 eo
312 2692 647 2755 Apolloniam
677 2693 866 2742 missus
902 2693 1091 2741 studiis
1109 2692 1143 2719 ¹3
1165 2692 1384 2740 vacavit.
1458 2693 1638 2755 thue
1675 2699 1899 2754 primum
1935 2698 2060 2738 occi-

205 2883 220 2910 1
248 2884 452 2932 ‘bloody.'
505 2885 522 2910 2
550 2886 679 2921 ‘hill.'
731 2884 748 2912 8
766 2885 938 2931 sepelire
955 2902 992 2915 =
1011 2886 1076 2922 ‘to
1122 2886 1194 2922 the
1228 2883 1391 2932 body).’
1447 2884 1463 2910 9
1490 2885 1499 2902 ‘
1516 2884 1656 2921 coals.'
1711 2882 1746 2909 1⁰
1773 2882 1848 2920 See
1882 2881 2057 2925 Vocab.,

141 2941 304 2987 dispose
323 2941 368 2977 of
387 2952 411 2978 a
429 2942 571 2988 body,’
592 2943 781 2978 whether
800 2943 856 2989 by
874 2942 1016 2978 burial
1029 2953 1077 2978 or
1126 2942 1243 2980 Cato.
1297 2940 1331 2966 11
1360 2943 1368 2958 ‘
1383 2951 1550 2977 woman
1562 2941 1722 2986 though
1742 2940 1816 2976 she
1834 2937 1949 2975 was.'

142 2997 199 3043 by
216 2998 462 3033 cremation.
515 2997 532 3021 4
557 2996 731 3044 quoque
750 3013 787 3027 =
808 2998 817 3014 ‘
835 2998 919 3034 and
944 2998 987 3034 in
1014 3009 1078 3034 01·-
1186 2997 1220 3023 12
1249 2997 1322 3034 See
1349 2997 1523 3041 Vocab.,
1549 2996 1771 3042 Hispania.
1837 2993 1870 3020 ¹3
1896 2992 2058 3031 studiis

141 3053 216 3089 der
234 3052 352 3089 that?
407 3051 424 3079 5
442 3054 450 3070 ‘
466 3053 620 3090 cloak.'
674 3053 691 3079 6
709 3054 718 3071 ‘
733 3055 804 3090 the
823 3054 931 3090 dead
949 3055 1075 3091 man.’
1121 3052 1338 3091 vacabat:
1387 3053 1493 3089 ‘had
1525 3053 1628 3089 time
1658 3052 1727 3088 for
1762 3050 1848 3098 (Le.
1877 3050 2058 3087 devoted

141 3106 156 3135 Τ
185 3109 469 3158 ‘thoroughly
495 3109 702 3149 aroused.’
756 3109 772 3138 8
800 3110 921 3147 ‘torn
947 3110 1077 3159 (from
1122 3109 1294 3148 himself
1312 3108 1376 3155 to)
1397 3105 1553 3157 stud5·'
