2231 3425
152 164 214 212 58
625 165 803 207 URBIs
849 159 1061 207 ROMAE
1100 158 1233 207 VIRi
1272 158 1602 208 INLUSTRES

222 307 454 371 Scipieni
489 308 545 356 in
583 300 821 358 Africam
870 310 1172 358 advenienti
1218 310 1504 359 Masinissa
1551 319 1604 359 se
1647 311 1918 360 cenifinxit
1959 328 2075 360 cum

154 403 314 458 parva
339 395 572 458 equitum
600 401 783 445 turma.
861 397 1076 460 Syphax
1102 406 1223 445 vero
1254 406 1284 445 a
1313 399 1563 446 Romanis
1599 399 1665 446 ad
1699 400 1901 448 Poenes
1940 400 2077 447 defe-

153 487 306 530 cerat.
379 483 698 545 Hasdrubal,
731 485 1023 532 Poenorum
1061 485 1181 546 dux,
1216 485 1531 549 Syphaxque
1571 486 1800 548 Scipioni
1837 494 1889 534 se
1926 502 2077 549 oppo-

154 576 383 631 suerunt,
434 578 524 634 qui
571 576 845 634 utriusque
890 576 1060 620 castra
1102 580 1206 620 sina
1247 577 1396 620 nocte
1445 573 1682 636 perrupit
1729 578 1780 621 et
1827 574 2073 622 incendit.

68 669 137 704 150
155 658 369 721 Syphax
410 659 520 721 ipse
557 663 740 722 captus
779 664 831 707 et
867 668 1018 708 vivus
1056 661 1122 707 ad
1159 660 1455 723 Scipienem
1492 665 1782 723 pertractus
1821 666 1912 709 est.
1987 662 2078 726 Sy-

153 745 368 807 phacem
410 746 465 793 in
507 751 678 794 castra
717 747 906 794 adduci
942 763 1059 795 cum
1103 752 1242 796 esset
1277 748 1593 809 nuntiatum,
1626 748 1792 797 omnis
1829 749 1975 797 velut
2011 750 2078 797 ad

154 833 507 894 spectaculum
555 833 812 896 triumphi
851 835 1135 883 multitudo
1179 835 1346 883 effusa
1388 840 1495 898 est;
1545 836 1886 898 praecedebat
1933 835 2077 899 ipse¹

152 920 374 981 Vinctus,
410 922 720 983 sequebatur
759 937 883 982 grex
919 922 1174 970 nebilium
1213 924 1528 971 Maurerum.
1617 924 1863 971 Movebat
1899 932 2075 973 omnes

153 1006 393 1055 fortuna²
416 1008 532 1069 viri,
561 1009 706 1057 cuius
736 1009 1020 1057 amicitiam
1048 1009 1171 1057 elim
1201 1010 1374 1073 Scipie
1400 1011 1634 1073 petierat.
1709 1012 1903 1071 Regem
1931 1011 2078 1060 alies-

67 1109 136 1144 155
153 1109 251 1157 que
285 1100 518 1158 captives
550 1097 771 1144 Remam
801 1097 947 1145 misit
979 1098 1180 1160 Scipie3
1220 1098 1574 1160 Masinissam,
1603 1107 1693 1162 qui
1730 1099 1931 1160 egregie
1969 1114 2076 1147 rem

153 1183 441 1231 Remanam
468 1184 753 1245 adiuverat,
782 1193 939 1233 aurea
963 1194 1150 1233 cors->na
1175 1186 1402 1234 denavit.

220 1270 365 1318 Haec
424 1276 475 1319 et
534 1271 680 1332 aliae,
742 1288 873 1334 quae
923 1273 1285 1335 sequebantur,
1337 1272 1508 1322 clades
1559 1276 2077 1336 Carthaginiensibus

151 1363 355 1406 tantum
405 1359 617 1407 terreris
666 1360 972 1420 intulerunt,
1013 1364 1071 1407 ut
1120 1360 1475 1408 Hannibalem
1525 1376 1589 1407 ex
1635 1352 1795 1409 italia
1842 1362 1908 1409 ad
1987 1395 2073 1435 B.O.

152 1447 399 1494 tuendam
426 1447 649 1509 patriam
677 1452 998 1495 revocarent,
1064 1449 1332 1496 Frendens
1371 1456 1682 1511 gemensque
1719 1457 1776 1496 ac
1813 1449 1903 1496 vix
1983 1452 2065 1490 203,

67 1534 410 1585 1601acrimis3
433 1540 730 1597 temperans
757 1535 801 1584 is
830 1535 1022 1583 dicitur
1048 1536 1338 1597 legaterum
1363 1536 1524 1584 verba
1553 1529 1759 1585 audisse
1796 1537 2075 1585 mandatis-

152 1637 251 1685 que
298 1623 546 1685 paruisse.
632 1623 887 1686 Respexit
937 1639 1090 1686 saepe
1139 1614 1328 1671 ltaliae
1377 1624 1545 1685 litora,
1598 1629 1761 1672 semet
1808 1632 2070 1687 accusans,

153 1710 318 1773 quod4
341 1719 444 1759 nen
470 1711 718 1759 victorem
745 1711 1028 1759 exercitum
1049 1712 1228 1760 statim
1255 1713 1318 1760 ab
1333 1712 1349 1737 ⁵
1369 1713 1631 1761 Cannensi
1656 1721 1829 1776 pugna
1854 1715 2070 1762 Remam

152 1798 399 1847 duxisset.
477 1800 685 1846 Zamam
715 1803 929 1846 Venerat
960 1799 1245 1861 Hannibal,
1274 1816 1406 1863 quae
1442 1801 1566 1849 urbs
1605 1809 1836 1864 quinque
1873 1801 2073 1849 dierum

151 1884 282 1934 iter⁶
305 1894 335 1934 a
361 1886 675 1947 Carthagine
702 1887 863 1947 abest,
892 1891 944 1934 et
974 1887 1218 1943 nuntium
1250 1888 1315 1935 ad
1351 1888 1645 1951 Scipionem
1683 1889 1841 1950 misit,
1868 1893 1927 1937 ut
1962 1905 2075 1937 con-

65 1986 134 2021 105
151 1974 400 2036 loquendi
426 1982 597 2022 secum
625 1978 937 2036 potestatem
965 1975 1172 2022 faceret.
1238 1976 1410 2038 Scipie
1437 1992 1553 2023 cum
1580 1977 1909 2039 conloquium
1934 1977 2075 2024 haud

152 2061 431 2121 abnuisset,
461 2061 570 2109 dies
598 2062 845 2124 locusque
872 2062 1226 2111 censtituitur.
1302 2063 1489 2126 Itaque
1521 2073 1784 2125 congressi
1819 2069 1940 2113 sunt
1972 2065 2072 2112 duo

151 2149 428 2198 clarissimi
455 2165 576 2197 suae
602 2149 789 2198 aetatis
818 2150 985 2198 duces.
1063 2151 1330 2199 Steterunt
1356 2151 1679 2214 aliquamdiu
1703 2152 1851 2200 taciti
1875 2157 2072 2200 mutua-

151 2252 250 2299 que
276 2237 619 2285 admiratione
647 2237 849 2285 defixi.⁷
919 2239 1049 2287 Cum
1081 2247 1202 2287 Vere
1233 2239 1296 2286 de
1327 2239 1718 2288 condicionibus
1756 2240 1897 2303 pacis
1934 2240 2071 2288 inter

150 2333 235 2372 ees
272 2333 377 2372 nen
413 2324 757 2386 convenisset,
785 2326 851 2373 ad
888 2334 1006 2374 suos
1046 2334 1099 2375 se
1137 2331 1456 2389 receperunt,
1485 2327 1846 2376 renuntiantes
1885 2326 2071 2376 armis8

63 2423 133 2459 170
149 2413 529 2460 decernendum
579 2428 704 2460 esse.
802 2413 1090 2462 Commisse
1138 2414 1327 2462 deinde
1375 2415 1572 2477 proelie
1633 2415 1901 2463 Hannibal
1981 2449 2067 2489 B.G.

148 2499 318 2547 victus
367 2515 484 2547 cum
544 2504 790 2562 quattuor
843 2501 1106 2563 equitibus
1155 2502 1306 2563 fugit.
1381 2502 1652 2551 Ceterum9
1697 2507 1900 2551 censtat
1978 2507 2069 2545 202.

212 2693 227 2720 1
249 2710 286 2724 =
307 2693 492 2742 Syphax.
545 2695 628 2731 For
661 2695 749 2741 ipse
792 2696 1003 2743 referring
1042 2700 1085 2733 to

147 2752 217 2788 the
248 2751 456 2797 principa]
487 2762 733 2798 personage,
767 2763 834 2788 see
866 2753 955 2789 also
988 2753 1018 2795 Ι,
1047 2754 1081 2797 5,

147 2807 230 2844 and
257 2808 310 2853 ΙΙ,
329 2810 366 2844 4.
419 2807 436 2832 2
467 2808 771 2845 ‘misfiwrtuness
826 2809 877 2845 So
893 2809 1022 2853 ιΐᾱηια
1043 2826 1079 2839 =

147 2865 249 2901 both
270 2866 278 2881 ‘
294 2865 408 2901 fame
423 2865 431 2880 '
449 2865 532 2901 and
554 2865 621 2900 ‘ill
643 2865 818 2912 repute‚'
840 2866 1028 2902 valeniam
1044 2883 1078 2895 z

146 2922 248 2957 both
269 2921 438 2958 ‘health
455 2921 463 2937 '
484 2921 567 2958 and
589 2922 831 2958 ‘sickness.'
883 2922 899 2946 3
927 2923 1013 2958 dat.
1040 2924 1084 2959 of

147 2978 271 3014 indir.
301 2978 441 3024 object
468 2978 573 3014 with
598 2979 870 3023 temperans.
924 2978 940 3002 4
966 2977 1083 3025 quod
1127 2980 1168 3015 in
1198 2980 1302 3017 lines
1332 2982 1388 3024 13,
1410 2982 1469 3024 23,
1495 2982 1577 3017 and
1605 2982 1665 3021 98,
1695 2981 1777 3017 aud
1806 2981 1933 3027 apply
1959 2980 1994 3015 it
2020 2984 2064 3016 to

150 3061 158 3070 .
183 3062 190 3069 .
215 3062 222 3070 .
243 3032 459 3071 diixisset.
513 3034 641 3070 What
660 3034 760 3070 does
788 3035 858 3070 the
886 3035 1083 3081 subjune-
1125 3035 1332 3083 piignari‚
1369 3036 1394 3072 1.
1432 3038 1514 3073 173.
1571 3037 1587 3062 9
1614 3036 1815 3073 ceterum
1859 3035 2060 3072 constat:

149 3090 235 3127 tive
269 3090 416 3127 show?
467 3089 484 3115 ⁵
509 3088 591 3127 ab.
617 3117 624 3125 .
650 3117 656 3125 .
678 3088 901 3127 dfixisset:
947 3091 1002 3127 cf.
1039 3103 1078 3139 p.
1103 3115 1105 3132 1
1128 3092 1185 3128 ‘it
1204 3093 1253 3136 is,
1275 3093 1484 3136 however,
1505 3093 1600 3129 well
1618 3092 1805 3129 known.’

1129 2698 1190 2743 50,
1205 2708 1245 2733 n.
1262 2699 1298 2734 4.
1351 2697 1368 2724 6
1387 2709 1470 2734 acc.
1490 2698 1534 2734 of
1553 2702 1699 2735 extent
1718 2699 1763 2735 of
1782 2709 1925 2745 space:
1955 2698 2010 2735 cf.
2025 2709 2064 2744 p.

1129 2754 1233 2799 xvii,
1254 2754 1291 2788 D
1308 2755 1343 2790 2.
1399 2753 1413 2779 7
1441 2755 1449 2771 ‘
1465 2755 1741 2791 motionless.'
1795 2755 1810 2780 8
1836 2754 1974 2791 armIs
1995 2783 2002 2790 .
2025 2782 2032 2790 .
2057 2782 2064 2790 .

1130 2818 1248 2847 esse:
1290 2811 1409 2847 ‘that
1436 2812 1507 2847 the
1535 2811 1645 2848 issue
1672 2815 1787 2848 must
1814 2812 1864 2847 be
1892 2811 2065 2848 decided

1129 2867 1184 2913 by
1201 2867 1343 2903 arms)
1391 2867 1500 2904 Note
1513 2868 1585 2904 the
1601 2868 1770 2904 method
1787 2867 2006 2914 employed
2023 2867 2065 2903 in

1128 2924 1387 2970 translating
1401 2925 1471 2960 the
1491 2924 1660 2970 impers.
1681 2924 1849 2970 passive
1868 2925 1966 2960 here
1982 2924 2065 2960 and
