2231 3425
669 206 908 246 GNAEUs
949 194 1251 246 POMPEIUS
1291 193 1543 245 MKGNUS
2003 201 2065 251 81

150 352 331 416 media.
351 350 569 399 coniecit
593 349 816 411 agmina,
844 348 1141 410 militesque
1167 347 1548 394 tumultuantes
1582 345 1820 408 precibus
1847 351 1898 393 et
1924 343 2067 392 lacri-

150 448 247 488 mis
274 438 504 502 placavit
529 445 586 485 ac
613 438 732 484 duci
757 435 1125 483 reconciliavit.

216 527 414 574 Eodem
440 525 577 573 belle
602 524 882 586 Pompeius
908 528 1082 586 partes
1118 522 1293 570 Sullae
1321 526 1528 569 secutus
1555 520 1631 568 ita
1656 528 1708 568 se
1736 520 1896 581 gessit
1920 519 2069 567 utab

151 623 209 662 eo
251 613 474 661 maxime
519 612 836 673 diligeretur.
910 610 1092 658 Annes
1135 615 1242 657 tres
1280 614 1331 656 et
1366 608 1559 669 Viginti
1594 612 1764 668 natus,
1796 612 1854 654 ut
1898 606 2069 654 Sullae

152 701 346 750 auxilie
388 705 604 760 veniret,
650 704 856 762 paterni
898 698 1158 745 exercitus
1206 696 1454 759 reliquias
1504 695 1744 757 conlegit,
1790 694 2069 756 statimque

153 790 259 837 dux
282 793 481 852 peritus
509 785 751 836 exstitit.l
820 787 1044 847 Magnus
1082 785 1227 833 illius
1266 784 1405 847 apud
1440 783 1665 830 militem
1702 798 1857 842 amor,
1885 790 2073 843 magna

153 877 292 939 apud
321 883 497 923 omnes
532 874 810 922 admiratio
841 874 973 934 fuit3
1013 872 1189 920 nullus
1217 874 1291 919 ei²
1317 871 1462 919 labor
1487 869 1696 931 taedie,2
1718 870 1865 917 nulla
1889 869 2074 917 defati—

154 964 294 1025 gatio
318 962 587 1010 molestiae
606 961 621 987 2
645 967 767 1010 erat.
843 961 958 1011 Cibi
974 960 991 987 3
1014 968 1228 1023 vinique
1245 959 1262 986 3
1285 964 1597 1022 temperans,
1627 966 1793 1006 somni
1829 973 2013 1020 parcus
2029 956 2071 1007 4;

153 1052 289 1098 inter
313 1050 509 1098 milites
535 1065 719 1112 corpus
746 1056 991 1097 exercens
1017 1064 1133 1095 cum
1171 1047 1426 1095 alacribus
1465 1046 1637 1106 saltu,5
1662 1061 1776 1093 cum
1814 1045 2073 1093 velocibus

154 1138 341 1199 cursu,5
388 1153 504 1185 cum
553 1137 742 1185 validis
791 1135 1070 1184 luctande5
1117 1135 1361 1183 certabat.
1435 1136 1569 1181 Tum
1618 1134 1684 1182 ad
1732 1133 1929 1181 Sullam
1977 1132 2076 1180 iter

153 1226 382 1274 intendit
407 1230 458 1273 et
484 1225 539 1272 in
564 1233 624 1273 eo
651 1225 837 1272 itinere
864 1230 971 1272 tres
997 1223 1227 1272 hostium
1259 1222 1516 1270 exercitus
1551 1226 1641 1270 aut
1673 1221 1814 1268 fudit
1851 1225 1941 1268 aut
1978 1220 2074 1268 sibi

154 1314 407 1362 adiunxit.
481 1313 643 1370 Quem
685 1312 775 1361 ubi
819 1312 965 1360 Sulla
1007 1312 1073 1359 ad
1109 1319 1163 1360 se
1200 1311 1439 1359 accedere
1477 1309 1679 1357 audivit
1717 1308 2077 1370 egregiamque

155 1399 250 1447 sub
303 1408 466 1461 signis
520 1400 842 1447 iuventutem
903 1398 1123 1462 aspexit,
1164 1398 1361 1447 desiliit
1399 1414 1462 1445 ex
1499 1405 1631 1460 equo
1667 1396 2077 1460 Pompeiumque

155 1488 405 1536 salutavit
430 1488 794 1550 imperatorem
831 1494 881 1535 et
916 1493 1095 1550 postea
1128 1485 1209 1535 εἶθ
1236 1487 1468 1534 venienti
1505 1486 1704 1534 solebat
1742 1484 1871 1533 sella
1907 1485 2078 1532 adsur-

155 1592 272 1637 gere
299 1582 350 1624 et
376 1582 532 1640 caput
566 1584 765 1639 aperire
801 1581 852 1623 et
886 1583 1017 1638 eque
1054 1575 1379 1635 descendere,
1409 1589 1561 1637 quem
1597 1573 1845 1621 honerem
1881 1571 2078 1619 nemini

84 1659 87 1662 ’
156 1665 257 1713 nisi
282 1665 532 1728 Pompeio
559 1664 833 1712 tribuebat.

221 1753 412 1801 Postea
436 1752 719 1815 Pompeius
748 1751 803 1798 in
844 1750 1074 1799 Siciliam
1105 1751 1371 1813 profectus
1398 1755 1490 1809 est,
1518 1754 1576 1796 ut
1613 1764 1725 1796 eam
1763 1756 1793 1795 a
1830 1748 2076 1808 Carbone,

157 1840 330 1888 Sullae
356 1840 584 1900 inimico,
614 1844 915 1902 occupatam
952 1838 1218 1901 reciperet.
1293 1838 1459 1886 Carbo
1493 1836 1895 1899 comprehensus
1931 1841 1982 1883 et
2015 1835 2080 1883 ad

154 1928 462 1991 Pompeium
499 1929 684 1976 ductus
723 1932 827 1976 est:
869 1942 1022 1990 quem
1058 1925 1353 1989 Pompeius,
1386 1925 1485 1973 etsi
1525 1923 1720 1974 Carbo⁷
1757 1922 2080 1971 muliebriter

155 2020 372 2064 mortem
409 2015 753 2064 extimescens
792 2015 1014 2063 demisse
1055 2019 1107 2062 et
1145 2013 1391 2062 flebiliter
1429 2017 1648 2060 mortem
1690 2011 2077 2074 deprecabatur,

2111 442 2153 475 15

2115 880 2162 914 20

2119 1321 2164 1355 25

2121 1762 2167 1795 30

155 2104 221 2151 ad
247 2103 561 2166 supplicium
588 2103 708 2150 duci
732 2103 901 2151 iussit.
976 2103 1152 2163 Longe
1180 2100 1494 2148 moderatior
1515 2100 1623 2147 'fuit
1652 2098 1934 2162 Pompeius
1961 2106 2082 2160 erga
2110 2125 2127 2131 —

158 2191 448 2251 Sthenium,
483 2191 688 2239 Siciliae
727 2190 997 2239 cuiusdam
1035 2189 1267 2237 civitatis
1306 2188 1608 2251 principem.
1683 2188 1812 2236 Cum
1850 2186 1989 2234 enim
2025 2186 2080 2233 in

156 2294 268 2326 eam
311 2279 577 2326 civitatem
616 2278 1029 2327 animadvertere
1078 2276 1408 2336 decrevisset,
1451 2274 1616 2338 quae8
1658 2275 1758 2324 sibi
1806 2275 2081 2323 adversata

156 2366 360 2426 fuisset,
398 2366 577 2429 inique
615 2381 730 2413 eum
768 2366 1030 2414 facturum
1069 2364 1319 2413 Sthenius
1358 2361 1706 2423 exclamavit?
1744 2371 1789 2411 si
1825 2363 1888 2411 ob
1924 2370 2078 2410 unius

156 2453 362 2517 culpam
388 2462 566 2502 omnes
591 2458 814 2516 puniret.
889 2453 1249 2513 Interroganti
1274 2451 1523 2514 Pompeio
1549 2450 1790 2513 quisnam
1822 2449 1912 2497 ille
1946 2458 2078 2497 unus

157 2546 307 2602 esset,
354 2541 556 2603 “Ego,⁷⁷
600 2541 773 2603 inquit
814 2540 1061 2588 Sthenius
1104 2545 1240 2602 “qui
1283 2547 1421 2587 cives
1465 2546 1607 2586 meos
1648 2539 1712 2585 ad
1754 2538 1808 2585 id
1846 2537 2077 2585 induxi.”

222 2731 237 2756 1
263 2731 441 2778 ‘proved
468 2731 670 2769 himself!
724 2730 742 2756 2
767 2731 843 2769 See
862 2742 900 2778 p.
917 2732 977 2775 25,
999 2742 1038 2767 n.
1056 2731 1092 2768 6.
1139 2731 1279 2767 whose
1310 2729 1562 2767 antecedent
1594 2730 1628 2767 is
1657 2726 1808 2773 Garbe,
1840 2728 1868 2764 1.
1900 2728 1961 2772 31,
1994 2727 2079 2763 this

157 2787 174 2813 3
199 2788 411 2836 objective
437 2800 531 2835 gen.
567 2788 624 2835 (p.
643 2790 702 2831 14,
731 2799 771 2824 n.
797 2789 860 2833 15)
893 2788 997 2824 with
1023 2788 1094 2824 the
1139 2783 1255 2824 word
1282 2787 1418 2834 might
1436 2787 1544 2823 have
1571 2787 1675 2822 been
1700 2784 1878 2821 omitted
1897 2785 2078 2821 without

157 2849 266 2891 part.
282 2846 556 2891 temperans,
573 2845 710 2881 which
730 2845 828 2881 here
847 2861 884 2874 =
902 2855 928 2881 a
946 2845 1095 2891 simple
1139 2844 1224 2880 loss
1239 2844 1284 2880 of
1302 2844 1528 2880 clearness.
1574 2843 1621 2878 In
1637 2843 1740 2887 fact,
1755 2842 1858 2878 such
1877 2840 2076 2877 omission

157 2901 243 2948 adj.
298 2901 350 2938 So
370 2901 516 2937 somni
532 2902 567 2938 is
582 2901 664 2948 obj.
681 2912 774 2948 gen.
792 2901 895 2937 with
915 2909 1093 2947 parcus.
1140 2901 1175 2937 is
1194 2902 1265 2937 the
1284 2911 1400 2937 more
1420 2899 1543 2936 usual
1569 2898 1872 2935 construction.
1924 2897 1939 2923 8
1964 2905 2078 2943 quae

157 2956 174 2982 4
201 2957 264 2994 Sc.
281 2962 386 2993 erat.
440 2957 456 2983 5
482 2958 565 2994 abl.
586 2958 631 2994 of
657 2957 961 3004 specification.
1014 2957 1031 2982 6
1056 2957 1098 2993 ei
1142 2985 1149 2993 .
1170 2985 1178 2993 .
1199 2985 1207 2993 .
1228 2954 1414 2993 fuisset:
1443 2955 1603 2992 causal.
1646 2955 1756 2991 Note
1776 2955 1871 2990 that
1890 2953 1932 2989 in
1952 2953 2079 2989 form-

157 3011 375 3051 veilienti:
408 3015 492 3057 ⁴(as
508 3014 671 3050 amark
686 3014 731 3050 of
745 3011 928 3061 respect)
949 3017 992 3049 to
1008 3014 1095 3049 him
1140 3013 1214 3060 ing
1243 3014 1314 3049 the
1342 3012 1581 3059 pluperfect
1612 3011 1884 3058 subjunctive
1915 3010 2079 3047 certain

158 3071 280 3107 When
307 3071 624 3117 approaching)
677 3070 720 3107 ei
745 3071 780 3107 is
802 3081 827 3107 a
845 3071 934 3107 dat.
955 3070 1000 3106 of
1026 3070 1097 3106 ad·
1140 3070 1307 3106 writers
1318 3069 1435 3105 often
1449 3079 1522 3105 use
1527 3068 1690 3113 fuisset
1702 3067 1768 3104 for
1779 3070 1894 3103 esset.
1919 3065 1936 3091 9
1951 3066 2079 3102 What

159 3132 344 3173 vantage
356 3127 458 3163 with
473 3125 731 3174 adsurgere.
775 3125 790 3153 7
808 3127 934 3164 After
947 3135 1092 3174 quem,
1142 3137 1249 3163 were
1267 3126 1338 3162 the
1358 3129 1481 3162 exact
1500 3124 1638 3162 words
1658 3124 1702 3159 of
1722 3122 1952 3161 Sthenius?
