2231 3425
893 201 1075 246 GAIUS
1118 207 1354 247 MARIUS
2022 208 2083 257 71

159 352 459 404 tenebunt.'’
548 351 681 398 Tum
711 350 873 410 legati
910 356 964 397 se
1000 348 1260 397 ludibriol
1293 350 1475 398 haberi
1506 351 1790 400 sentientes
1828 351 2080 399 ultienem

159 440 329 490 Mario
365 438 553 486 minati
590 441 726 497 sunt,
766 435 921 484 simul
959 440 1115 498 atque
1151 438 1410 486 Teutones
1447 437 1795 486 advenissent.
1871 438 2081 501 “Atqui

159 528 349 576 adsunt
365 526 393 550 ⁷'
421 524 593 588 inquit
618 523 817 571 Marius
847 528 875 550 “
892 538 985 570 nec
1011 531 1134 571 sane
1160 524 1313 572 civile
1339 525 1476 573 foret
1495 534 1586 574 ves
1614 525 1865 573 fratribus
1894 530 2080 573 vestris

159 623 262 663 nen
299 613 540 662 salutatis
579 611 891 659 discedere.⁷⁷
964 612 1096 657 Tum
1134 611 1335 660 vinctes
1374 613 1562 660 adduci
1599 612 1753 661 iussit
1789 614 2080 660 Teutonum

160 703 331 762 duces,
360 707 451 763 qui
486 699 541 746 in
577 698 774 762 proelie
812 702 955 760 capti
991 703 1150 746 erant.

225 789 327 837 His
364 788 517 835 rebus
554 786 764 846 auditis,
805 785 1002 834 Cimbri
1040 786 1375 848 egrediuntur
1414 792 1598 836 castris
1642 793 1694 835 et
1741 803 1855 835 cum
1904 795 2080 850 paucis

159 884 368 926 suerum
416 875 482 923 ad
530 873 727 921 vallum
775 873 1069 920 Remanum
1118 874 1428 936 adequitans
1478 875 1705 933 Boiorix,
1756 875 2081 924 Cimbrerum

159 965 280 1025 dux,
307 962 535 1011 Marium
561 962 626 1009 ad
651 969 878 1024 pugnam
903 966 1151 1023 prevocat
1176 967 1228 1009 et
1253 962 1392 1009 diem
1426 971 1630 1026 pugnae
1665 971 1695 1010 a
1726 964 2081 1011 Remanerum

159 1052 469 1115 imperatere
506 1049 654 1113 petit.
727 1048 1030 1096 Proximum
1075 1049 1221 1097 dedit
1264 1050 1457 1098 censul.

160 1139 237 1187 ita
265 1137 597 1198 instituisset,
630 1141 688 1184 ut
721 1135 928 1200 pulvis²
958 1136 1015 1183 in
1048 1137 1222 1186 ocules
1257 1143 1308 1185 et
1346 1146 1434 1186 era
1468 1138 1698 1186 hostium
1736 1139 1973 1197 ferretur,
2012 1138 2085 1185 in-

159 1226 399 1275 credibili
424 1224 630 1286 strage3
659 1224 951 1288 prestrata4
986 1230 1065 1273 est
1103 1225 1196 1273 illa
1233 1225 1557 1274 Cimbrorum
1588 1226 1897 1274 multitudo:
1937 1242 2085 1274 caesa

159 1314 438 1363 traduntur
480 1317 690 1360 centum
735 1312 1002 1374 octoginta
1043 1312 1311 1361 hominum
1360 1313 1542 1362 milia..
1593 1314 1702 1361 Nec
1751 1314 1920 1361 minor
1967 1330 2082 1361 cum

1531 1051 1730 1119 Marius
1768 1067 1883 1098 cum
1921 1051 2081 1098 aciem

159 1401 409 1450 uxeribus
435 1409 611 1464 pugna
636 1416 789 1463 quam
817 1415 934 1447 cum
965 1400 1093 1449 viris
1125 1400 1244 1462 fuit,
1273 1417 1387 1449 cuni
1426 1402 1641 1450 obiectis
1679 1402 1908 1464 undique
1945 1401 2086 1464 plau-

161 1494 300 1550 stris,
350 1488 604 1551 desuper,5
653 1487 802 1550 quasi
851 1495 877 1534 e
925 1488 1170 1549 turribus,
1214 1489 1408 1537 lanceis
1458 1495 1727 1552 contisque
1775 1494 2080 1552 pugnarent.

161 1577 344 1625 Victae
380 1581 555 1624 tamen
593 1592 708 1623 cum
746 1575 906 1624 missa
942 1576 1008 1624 ad
1044 1576 1270 1624 Marium
1313 1577 1571 1638 legatiene
1611 1576 1940 1625 libertatemss
1980 1585 2084 1625 nen

161 1664 546 1727 impetrassent,
590 1663 858 1712 suffocatis
910 1664 1188 1727 elisisque⁷
1230 1665 1524 1713 infantibus
1569 1673 1674 1714 suis
1724 1670 1814 1713 aut
1859 1663 2087 1713 nuituis8

161 1751 496 1800 conciderunt
544 1751 848 1800 vulneribus
900 1757 989 1799 aut
1036 1752 1247 1800 vincule
1297 1761 1322 1800 e
1369 1754 1598 1801 crinibus
1649 1761 1755 1801 suis
1804 1754 1944 1801 facte
1992 1752 2087 1800 ab9

163 1840 429 1889 arboribus
455 1840 830 1903 pependerunt.

162 1935 338 1976 cerum
377 1928 569 1976 domes.

906 1839 1072 1888 Canes
1104 1856 1307 1903 quoque
1334 1841 1627 1901 defendere,
1656 1841 1878 1889 Cimbris
1905 1848 2083 1901 caesis,

643 1928 844 1976 Marius
882 1936 975 1991 pre
1014 1928 1213 1976 duebus
1251 1928 1548 1991 triumphis,
1588 1937 1677 1991 qui
1719 1929 2084 1988 offerebantur,

163 2023 267 2064 fine
308 2020 580 2064 contentus
623 2015 742 2063 fuit.
815 2016 1081 2064 Primores
1126 2016 1372 2076 civitatis,
1411 2025 1502 2079 qui
1538 2025 1586 2063 ei
1622 2016 1945 2079 aliquamdiu
1980 2015 2088 2064 ut¹⁰

162 2111 296 2151 novo
320 2103 521 2151 homini
547 2103 614 2151 ad
643 2108 818 2152 tantes
838 2104 1059 2152 honeres
1088 2109 1267 2152 evecte
1283 2103 1313 2129 ¹¹
1341 2104 1654 2165 inviderant,
1683 2110 2038 2152 censervatam
2056 2103 2088 2130 ¹2

164 2191 228 2239 ab
253 2198 312 2239 ee
336 2206 444 2239 rem
471 2191 733 2254 publicam
761 2191 1077 2239 fatebantur.

1141 2192 1206 2238 In
1231 2191 1348 2254 ipsa
1372 2192 1480 2240 acie
1506 2192 1706 2240 Marius
1734 2193 1860 2241 duas
1889 2193 2088 2241 Camer-

163 2277 295 2326 tium
332 2279 584 2339 cohortes,
611 2287 744 2327 mira
779 2278 975 2327 virtute
1011 2279 1119 2326 vim
1157 2279 1483 2328 Cimbrorum
1516 2280 1834 2328 sustinentes
1853 2279 1885 2306 ¹3
1909 2286 2088 2328 contra

164 2365 330 2427 legem
346 2365 379 2392 ¹4
426 2366 640 2414 civitate
690 2367 988 2415 denaverat.

229 2553 245 2579 1
271 2554 319 2591 εδ
339 2582 347 2591 .
372 2582 380 2590 .
405 2553 609 2592 .haberi:
642 2555 761 2592 ‘that
787 2555 889 2602 they
906 2566 1017 2592 were
1037 2555 1104 2592 be-

164 2609 238 2657 ing
255 2611 463 2648 mocked.'
516 2609 710 2648 ludibrie
737 2612 772 2649 is
788 2623 812 2649 a
831 2613 917 2649 dat.
937 2612 982 2649 of
1008 2623 1104 2660 pur-

164 2677 283 2713 pose:
337 2668 391 2704 cf.
435 2680 473 2714 p.
515 2670 576 2712 25,
622 2680 662 2704 n.
707 2670 742 2705 6.
810 2667 827 2693 2
852 2667 1005 2715 pulvis
1029 2697 1036 2704 .
1062 2697 1069 2704 .
1094 2697 1101 2705 .

164 2721 385 2760 ferrEtur:
414 2725 469 2761 cf.
484 2725 579 2770 XX,
592 2725 700 2762 lines
713 2727 735 2762 7
751 2726 834 2762 and
849 2727 884 2762 8.
937 2725 953 2750 3
971 2730 1015 2762 at
1032 2727 1103 2762 the

164 2779 299 2817 battle
318 2781 363 2817 of
387 2781 606 2819 Vercellae
632 2782 759 2829 (101),
779 2793 881 2818 near
901 2783 972 2819 the
990 2783 1104 2818 mod-

165 2846 239 2874 ern
255 2837 402 2874 Milan.
446 2837 463 2863 4
477 2840 705 2885 prosterne.
750 2837 767 2864 5
789 2840 797 2855 ‘
811 2839 920 2875 from
936 2839 1101 2882 above,’

165 2892 233 2930 i.e.
254 2893 365 2930 from
380 2894 451 2931 the
465 2898 561 2941 tops
575 2896 620 2932 of
638 2896 710 2932 the
729 2906 914 2943 wagons.
965 2895 982 2921 6
999 2895 1104 2942 Cap-

165 2949 275 2987 tives
310 2961 419 2987 were
455 2952 591 2989 either
633 2952 765 2989 killed
801 2964 848 2988 or
883 2952 973 2989 sold
1014 2953 1103 2988 into

166 3006 350 3054 slavery.
404 3007 420 3033 ⁷
449 3009 566 3045 ἒῖῑᾶῦ.
621 3009 636 3034 8
665 3008 835 3045 mfituis
857 3035 866 3044 .
889 3036 897 3045 .
923 3007 1105 3046 .vu1ne-

167 3061 315 3100 ribus:
345 3064 544 3101 ‘wounds
561 3065 750 3101 inflicted
767 3067 823 3112 by
839 3066 940 3102 each
955 3066 1102 3102 other.'

167 3118 185 3144 9
210 3118 267 3156 ab
297 3147 306 3157 .
343 3148 349 3155 .
383 3149 390 3157 .
415 3120 745 3167 pependerunt:
802 3122 941 3168 ‘hung
981 3123 1104 3168 from

169 3178 280 3212 trees
297 3176 304 3189 ’
323 3192 359 3205 =
381 3178 389 3193 ‘
405 3178 571 3225 ‘nauged
606 3177 862 3216 themselves
893 3182 931 3216 το
963 3179 1102 3216 trees?

1063 2368 1212 2425 Quod
1261 2368 1470 2430 quidem
1517 2369 1717 2416 factum
1765 2373 1816 2416 et
1864 2376 1983 2416 vere
2037 2374 2088 2415 et

1148 2554 1182 2581 1⁰
1207 2557 1260 2593 ut
1282 2584 1289 2591 .
1315 2584 1322 2591 .
1347 2553 1563 2592 ,hominiz
1601 2557 1671 2592 ‘as
1705 2556 1791 2602 (i.e.
1825 2557 2005 2593 because
2035 2557 2086 2593 he

1148 2612 1254 2658 was)
1279 2623 1303 2648 a
1322 2623 1415 2649 new
1442 2612 1570 2656 1nan‚’
1592 2613 1654 2649 i.e.
1673 2623 1751 2649 one
1778 2613 1918 2650 whose
1946 2624 2088 2650 ances-

1150 2673 1238 2706 tors
1268 2669 1352 2705 had
1388 2680 1517 2706 never
1552 2669 1648 2706 held
1685 2679 1770 2716 any
1805 2673 1916 2706 state
1952 2669 2084 2706 office.

1149 2725 1260 2763 Such
1279 2736 1304 2762 a
1323 2737 1421 2762 man
1441 2737 1529 2763 was
1557 2730 1631 2762 not
1658 2725 1916 2772 necessarily
1934 2727 1978 2762 of
2004 2726 2087 2772 ple-

1148 2782 1271 2819 beian
1304 2783 1434 2818 birth.
1488 2782 1521 2807 11
1548 2781 1722 2819 δνθοῒῐὸ;
1754 2783 1897 2819 ‘when
1926 2783 1977 2819 he
2003 2782 2086 2818 had

1126 2840 1254 2876 ‘been
1297 2839 1522 2876 elevated.'
1598 2839 1639 2875 ei
1669 2868 1674 2873 .
1708 2868 1714 2874 .
1748 2867 1754 2874 .
1784 2836 1936 2875 evect6
1989 2847 2086 2884 may

1149 2896 1237 2932 also
1257 2897 1308 2932 be
1333 2896 1538 2933 rendered
1561 2896 1649 2931 ‘his
1677 2895 1914 2931 elevation.’
1969 2894 2002 2918 12
2021 2894 2084 2931 Sc.

1126 2962 1127 2977 ¹
1149 2963 1248 2989 esse.
1302 2951 1336 2977 13
1359 2953 1445 2989 The
1462 2956 1572 2999 part.
1590 2953 1707 2999 gives
1727 2953 1797 2988 the
1817 2962 1941 2988 cause
1960 2951 2005 2987 of
2023 2952 2087 2986 (Ζό-

1126 3031 1127 3037 1
1150 3003 1340 3046 quiverat.
1394 3008 1428 3034 14
1454 3009 1500 3044 In
1521 3010 1672 3056 theory
1690 3008 1941 3054 citizenship
1964 3007 2086 3044 could

1149 3066 1199 3102 be
1219 3066 1439 3102 conferred
1459 3066 1558 3113 only
1577 3066 1632 3112 by
1647 3065 1787 3101 action
1807 3065 1852 3101 of
1873 3065 1944 3101 the
1964 3066 2089 3102 comi-

1151 3123 1213 3159 tia
1249 3122 1420 3166 tribeho,
1448 3134 1495 3158 or
1531 3121 1742 3168 assembly
1774 3121 1817 3158 in
1850 3121 1986 3159 which
2017 3123 2088 3160 the

1126 3167 1128 3183 ¹
1148 3179 1295 3227 people
1314 3183 1400 3216 met
1420 3180 1476 3226 by
1495 3178 1640 3217 tribes.

2121 625 2169 659 (50

2123 1065 2169 1101 65

2125 1502 2172 1538 70

2126 1939 2172 1985 75.

2127 2381 2175 2416 80
